<?xml version="1.0" encoding="UTF-8"?>
<!DOCTYPE html PUBLIC "-//W3C//DTD XHTML 1.0 Transitional//EN"
    "http://www.w3.org/TR/xhtml1/DTD/xhtml1-transitional.dtd">
<html xmlns="http://www.w3.org/1999/xhtml" xml:lang="en" lang="en">
 <head>
  <title>
</title>
<meta http-equiv="Content-Type" content="text/html;charset=utf-8" />
  <meta name='ocr-system' content='tesseract 3.04.00' />
  <meta name='ocr-capabilities' content='ocr_page ocr_carea ocr_par ocr_line ocrx_word'/>
</head>
<body>
  <div class='ocr_page' id='page_1' title='image "./deusufructuiust00robygoog_0026.png"; bbox 0 0 3108 5076; ppageno 0'>
   <div class='ocr_carea' id='block_1_1' title="bbox 695 393 887 458">
    <p class='ocr_par' dir='ltr' id='par_1_1' title="bbox 695 393 887 458">
     <span class='ocr_line' id='line_1_1' title="bbox 695 393 887 458; baseline 0.01 -2"><span class='ocrx_word' id='word_1_1' title='bbox 695 393 707 456; x_wconf 85' lang='lat' dir='ltr'>l</span> <span class='ocrx_word' id='word_1_2' title='bbox 725 394 820 458; x_wconf 86' lang='lat' dir='ltr'>18-l</span> <span class='ocrx_word' id='word_1_3' title='bbox 837 397 887 458; x_wconf 78' lang='lat'>22.</span> 
     </span>
    </p>
   </div>
   <div class='ocr_carea' id='block_1_2' title="bbox 578 638 1007 709">
    <p class='ocr_par' dir='ltr' id='par_1_2' title="bbox 578 638 1007 709">
     <span class='ocr_line' id='line_1_2' title="bbox 578 638 1007 709; baseline 0.009 -5"><span class='ocrx_word' id='word_1_4' title='bbox 578 638 826 708; x_wconf 67' lang='lat' dir='ltr'><em>Miscellaneam</em></span> <span class='ocrx_word' id='word_1_5' title='bbox 847 643 1007 709; x_wconf 80' lang='lat' dir='ltr'>Entrccta</span> 
     </span>
    </p>
   </div>
   <div class='ocr_carea' id='block_1_3' title="bbox 118 777 1544 2328">
    <p class='ocr_par' dir='ltr' id='par_1_3' title="bbox 122 777 1458 1072">
     <span class='ocr_line' id='line_1_3' title="bbox 123 777 1458 865; baseline -0.001 -23"><span class='ocrx_word' id='word_1_6' title='bbox 123 795 199 842; x_wconf 69' lang='lat' dir='ltr'>Trea</span> <span class='ocrx_word' id='word_1_7' title='bbox 354 777 434 863; x_wconf 86' lang='lat' dir='ltr'>Agri</span> <span class='ocrx_word' id='word_1_8' title='bbox 468 797 530 842; x_wconf 90' lang='lat' dir='ltr'>usu</span> <span class='ocrx_word' id='word_1_9' title='bbox 565 777 674 845; x_wconf 89' lang='lat' dir='ltr'>fructu</span> <span class='ocrx_word' id='word_1_10' title='bbox 704 780 812 865; x_wconf 87' lang='lat' dir='ltr'>legato</span> <span class='ocrx_word' id='word_1_11' title='bbox 847 779 882 844; x_wconf 92' lang='lat' dir='ltr'>iu</span> <span class='ocrx_word' id='word_1_12' title='bbox 911 781 1018 845; x_wconf 85' lang='lat' dir='ltr'>locum</span> <span class='ocrx_word' id='word_1_13' title='bbox 1049 779 1294 846; x_wconf 84' lang='lat' dir='ltr'>demortuarum</span> <span class='ocrx_word' id='word_1_14' title='bbox 1309 801 1357 843; x_wconf 81' lang='lat' dir='ltr'>re.</span> <span class='ocrx_word' id='word_1_15' title='bbox 1373 793 1458 842; x_wconf 74' lang='lat' dir='ltr'>Prun-</span> 
     </span>
     <span class='ocr_line' id='line_1_4' title="bbox 122 857 1456 975; baseline 0.003 -29"><span class='ocrx_word' id='word_1_16' title='bbox 122 857 243 922; x_wconf 50' lang='grc' dir='ltr'>ΜΨ·</span> <span class='ocrx_word' id='word_1_17' title='bbox 287 882 436 946; x_wconf 90' lang='lat' dir='ltr'>arborum</span> <span class='ocrx_word' id='word_1_18' title='bbox 458 883 541 946; x_wconf 87' lang='lat' dir='ltr'>aliae</span> <span class='ocrx_word' id='word_1_19' title='bbox 563 883 808 950; x_wconf 77' lang='lat' dir='ltr'>substituendae</span> <span class='ocrx_word' id='word_1_20' title='bbox 831 892 916 963; x_wconf 90' lang='lat' dir='ltr'>sunt,</span> <span class='ocrx_word' id='word_1_21' title='bbox 931 894 965 950; x_wconf 90' lang='lat' dir='ltr'>et</span> <span class='ocrx_word' id='word_1_22' title='bbox 979 886 1100 969; x_wconf 80' lang='lat' dir='ltr'>priores</span> <span class='ocrx_word' id='word_1_23' title='bbox 1115 886 1156 950; x_wconf 92' lang='lat' dir='ltr'>ad</span> <span class='ocrx_word' id='word_1_24' title='bbox 1172 887 1294 950; x_wconf 89' lang='lat' dir='ltr'>fructu·</span> <span class='ocrx_word' id='word_1_25' title='bbox 1307 857 1456 975; x_wconf 40' lang='lat' dir='ltr'>:gadam</span> 
     </span>
     <span class='ocr_line' id='line_1_5' title="bbox 287 987 580 1072; baseline 0.007 -21"><span class='ocrx_word' id='word_1_26' title='bbox 287 987 392 1052; x_wconf 87' lang='lat' dir='ltr'>arium</span> <span class='ocrx_word' id='word_1_27' title='bbox 407 988 580 1072; x_wconf 78' lang='lat' dir='ltr'>pertinent.</span> 
     </span>
    </p>

    <p class='ocr_par' dir='ltr' id='par_1_4' title="bbox 121 1091 1455 1696">
     <span class='ocr_line' id='line_1_6' title="bbox 121 1091 1455 1180; baseline 0.007 -30"><span class='ocrx_word' id='word_1_28' title='bbox 121 1102 226 1178; x_wconf 63' lang='lat' dir='ltr'>Inpone·-</span> <span class='ocrx_word' id='word_1_29' title='bbox 354 1091 509 1155; x_wconf 89' lang='lat' dir='ltr'>Proculus</span> <span class='ocrx_word' id='word_1_30' title='bbox 541 1099 638 1176; x_wconf 89' lang='lat' dir='ltr'>putat</span> <span class='ocrx_word' id='word_1_31' title='bbox 671 1091 825 1157; x_wconf 87' lang='lat' dir='ltr'>insulam¹</span> <span class='ocrx_word' id='word_1_32' title='bbox 854 1115 949 1178; x_wconf 83' lang='lat' dir='ltr'>posse</span> <span class='ocrx_word' id='word_1_33' title='bbox 978 1093 1025 1158; x_wconf 90' lang='lat' dir='ltr'>ita</span> <span class='ocrx_word' id='word_1_34' title='bbox 1054 1094 1164 1180; x_wconf 86' lang='lat' dir='ltr'>legari,</span> <span class='ocrx_word' id='word_1_35' title='bbox 1194 1103 1234 1162; x_wconf 92' lang='lat' dir='ltr'>ut</span> <span class='ocrx_word' id='word_1_36' title='bbox 1263 1094 1294 1160; x_wconf 91' lang='lat' dir='ltr'>ei</span> <span class='ocrx_word' id='word_1_37' title='bbox 1308 1107 1356 1151; x_wconf 78' lang='lat'>1⁰·</span> <span class='ocrx_word' id='word_1_38' title='bbox 1368 1101 1455 1150; x_wconf 76' lang='lat' dir='ltr'>Pour-</span> 
     </span>
     <span class='ocr_line' id='line_1_7' title="bbox 121 1165 1453 1284; baseline 0.004 -25"><span class='ocrx_word' id='word_1_39' title='bbox 121 1167 271 1282; x_wconf 52' lang='lat' dir='ltr'>Zfflm</span> <span class='ocrx_word' id='word_1_40' title='bbox 288 1195 428 1260; x_wconf 85' lang='lat' dir='ltr'>seruitus</span> <span class='ocrx_word' id='word_1_41' title='bbox 462 1195 650 1281; x_wconf 91' lang='lat' dir='ltr'>imponatur</span> <span class='ocrx_word' id='word_1_42' title='bbox 683 1217 767 1282; x_wconf 85' lang='lat' dir='ltr'>quae</span> <span class='ocrx_word' id='word_1_43' title='bbox 802 1197 895 1262; x_wconf 89' lang='lat' dir='ltr'>alteri</span> <span class='ocrx_word' id='word_1_44' title='bbox 925 1199 1050 1264; x_wconf 89' lang='lat' dir='ltr'>insulae</span> <span class='ocrx_word' id='word_1_45' title='bbox 1080 1200 1294 1265; x_wconf 87' lang='lat' dir='ltr'>hereditariae</span> <span class='ocrx_word' id='word_1_46' title='bbox 1306 1165 1453 1284; x_wconf 43' lang='lat' dir='ltr'>&amp;imvm</span> 
     </span>
     <span class='ocr_line' id='line_1_8' title="bbox 288 1299 1296 1390; baseline 0.002 -26"><span class='ocrx_word' id='word_1_47' title='bbox 288 1299 452 1378; x_wconf 83' lang='lat' dir='ltr'>debeatur,</span> <span class='ocrx_word' id='word_1_48' title='bbox 467 1299 528 1365; x_wconf 93' lang='lat' dir='ltr'>hoc</span> <span class='ocrx_word' id='word_1_49' title='bbox 549 1300 660 1365; x_wconf 89' lang='lat' dir='ltr'>modo:</span> <span class='ocrx_word' id='word_1_50' title='bbox 683 1301 737 1365; x_wconf 84' lang='lat' dir='ltr'>‘Si</span> <span class='ocrx_word' id='word_1_51' title='bbox 756 1301 811 1365; x_wconf 86' lang='lat' dir='ltr'>ille</span> <span class='ocrx_word' id='word_1_52' title='bbox 827 1301 939 1366; x_wconf 85' lang='lat' dir='ltr'>heredi</span> <span class='ocrx_word' id='word_1_53' title='bbox 954 1325 1026 1366; x_wconf 91' lang='lat' dir='ltr'>meo</span> <span class='ocrx_word' id='word_1_54' title='bbox 1040 1303 1222 1387; x_wconf 88' lang='lat' dir='ltr'>promiserit</span> <span class='ocrx_word' id='word_1_55' title='bbox 1238 1325 1296 1390; x_wconf 85' lang='lat' dir='ltr'>per</span> 
     </span>
     <span class='ocr_line' id='line_1_9' title="bbox 289 1403 1295 1488; baseline 0.004 -23"><span class='ocrx_word' id='word_1_56' title='bbox 289 1409 341 1466; x_wconf 84' lang='lat' dir='ltr'>‘se</span> <span class='ocrx_word' id='word_1_57' title='bbox 364 1425 430 1466; x_wconf 91' lang='lat' dir='ltr'>non</span> <span class='ocrx_word' id='word_1_58' title='bbox 452 1404 528 1480; x_wconf 86' lang='lat' dir='ltr'>fore,</span> <span class='ocrx_word' id='word_1_59' title='bbox 549 1425 613 1488; x_wconf 91' lang='lat' dir='ltr'>quo</span> <span class='ocrx_word' id='word_1_60' title='bbox 635 1403 735 1468; x_wconf 88' lang='lat' dir='ltr'>altius</span> <span class='ocrx_word' id='word_1_61' title='bbox 758 1425 797 1468; x_wconf 87' lang='lat' dir='ltr'>ea</span> <span class='ocrx_word' id='word_1_62' title='bbox 818 1404 966 1469; x_wconf 88' lang='lat' dir='ltr'>aedificia</span> <span class='ocrx_word' id='word_1_63' title='bbox 988 1405 1155 1485; x_wconf 88' lang='lat' dir='ltr'>tollantur,</span> <span class='ocrx_word' id='word_1_64' title='bbox 1171 1413 1244 1469; x_wconf 89' lang='lat' dir='ltr'>tum</span> <span class='ocrx_word' id='word_1_65' title='bbox 1264 1405 1295 1470; x_wconf 85' lang='lat' dir='ltr'>ei</span> 
     </span>
     <span class='ocr_line' id='line_1_10' title="bbox 288 1507 1293 1594; baseline 0.003 -23"><span class='ocrx_word' id='word_1_66' title='bbox 288 1515 417 1571; x_wconf 89' lang='lat' dir='ltr'>‘eorum</span> <span class='ocrx_word' id='word_1_67' title='bbox 437 1507 656 1572; x_wconf 87' lang='lat' dir='ltr'>aedificiorum</span> <span class='ocrx_word' id='word_1_68' title='bbox 679 1509 936 1572; x_wconf 86' lang='lat' dir='ltr'>usumfructum</span> <span class='ocrx_word' id='word_1_69' title='bbox 963 1509 1004 1573; x_wconf 94' lang='lat' dir='ltr'>do</span> <span class='ocrx_word' id='word_1_70' title='bbox 1027 1508 1131 1594; x_wconf 82' lang='lat' dir='ltr'>leg03&#39;</span> <span class='ocrx_word' id='word_1_71' title='bbox 1153 1510 1207 1573; x_wconf 90' lang='lat' dir='ltr'>uel</span> <span class='ocrx_word' id='word_1_72' title='bbox 1229 1509 1293 1574; x_wconf 90' lang='lat' dir='ltr'>sic:</span> 
     </span>
     <span class='ocr_line' id='line_1_11' title="bbox 288 1609 1295 1696; baseline 0 -22"><span class='ocrx_word' id='word_1_73' title='bbox 288 1609 449 1674; x_wconf 81' lang='lat' dir='ltr'>‘Aedium</span> <span class='ocrx_word' id='word_1_74' title='bbox 475 1610 612 1688; x_wconf 88' lang='lat' dir='ltr'>illarum,</span> <span class='ocrx_word' id='word_1_75' title='bbox 637 1611 744 1695; x_wconf 89' lang='lat' dir='ltr'>quoad</span> <span class='ocrx_word' id='word_1_76' title='bbox 769 1611 876 1690; x_wconf 87' lang='lat' dir='ltr'>altius,</span> <span class='ocrx_word' id='word_1_77' title='bbox 899 1633 998 1696; x_wconf 90' lang='lat' dir='ltr'>quarn</span> <span class='ocrx_word' id='word_1_78' title='bbox 1024 1612 1075 1676; x_wconf 91' lang='lat' dir='ltr'>uti</span> <span class='ocrx_word' id='word_1_79' title='bbox 1100 1632 1187 1676; x_wconf 90' lang='lat' dir='ltr'>nunc</span> <span class='ocrx_word' id='word_1_80' title='bbox 1210 1619 1295 1688; x_wconf 88' lang='lat' dir='ltr'>sunt,</span> 
     </span>
    </p>

    <p class='ocr_par' dir='ltr' id='par_1_5' title="bbox 118 1711 1544 2328">
     <span class='ocr_line' id='line_1_12' title="bbox 290 1711 1195 1800; baseline 0.002 -24"><span class='ocrx_word' id='word_1_81' title='bbox 290 1711 499 1776; x_wconf 88' lang='lat' dir='ltr'>‘aedificatae</span> <span class='ocrx_word' id='word_1_82' title='bbox 514 1734 580 1776; x_wconf 86' lang='lat' dir='ltr'>non</span> <span class='ocrx_word' id='word_1_83' title='bbox 595 1721 701 1790; x_wconf 85' lang='lat' dir='ltr'>erunt,</span> <span class='ocrx_word' id='word_1_84' title='bbox 717 1713 765 1776; x_wconf 91' lang='lat' dir='ltr'>illi</span> <span class='ocrx_word' id='word_1_85' title='bbox 780 1735 876 1777; x_wconf 89' lang='lat' dir='ltr'>usum</span> <span class='ocrx_word' id='word_1_86' title='bbox 891 1713 1033 1777; x_wconf 89' lang='lat' dir='ltr'>fructum</span> <span class='ocrx_word' id='word_1_87' title='bbox 1049 1714 1090 1780; x_wconf 91' lang='lat' dir='ltr'>do</span> <span class='ocrx_word' id='word_1_88' title='bbox 1105 1714 1195 1800; x_wconf 83' lang='lat' dir='ltr'>lego’</span> 
     </span>
     <span class='ocr_line' id='line_1_13' title="bbox 129 1816 1322 1895; baseline 0.001 -11"><span class='ocrx_word' id='word_1_89' title='bbox 129 1837 199 1884; x_wconf 66' lang='lat' dir='ltr'>rrae</span> <span class='ocrx_word' id='word_1_90' title='bbox 354 1816 391 1881; x_wconf 81' lang='lat' dir='ltr'>si</span> <span class='ocrx_word' id='word_1_91' title='bbox 426 1817 555 1881; x_wconf 85' lang='lat' dir='ltr'>arbores</span> <span class='ocrx_word' id='word_1_92' title='bbox 593 1825 692 1881; x_wconf 88' lang='lat' dir='ltr'>uento</span> <span class='ocrx_word' id='word_1_93' title='bbox 729 1817 869 1882; x_wconf 88' lang='lat' dir='ltr'>deiectas</span> <span class='ocrx_word' id='word_1_94' title='bbox 904 1817 1055 1881; x_wconf 89' lang='lat' dir='ltr'>dominus</span> <span class='ocrx_word' id='word_1_95' title='bbox 1093 1839 1158 1881; x_wconf 92' lang='lat' dir='ltr'>non</span> <span class='ocrx_word' id='word_1_96' title='bbox 1192 1817 1322 1895; x_wconf 89' lang='lat' dir='ltr'>tollat,1</span> 
     </span>
     <span class='ocr_line' id='line_1_14' title="bbox 126 1903 1304 2015; baseline 0.005 -33"><span class='ocrx_word' id='word_1_97' title='bbox 126 1903 206 2015; x_wconf 54' lang='lat' dir='ltr'>{m</span> <span class='ocrx_word' id='word_1_98' title='bbox 288 1941 346 2005; x_wconf 90' lang='lat' dir='ltr'>per</span> <span class='ocrx_word' id='word_1_99' title='bbox 368 1921 455 2004; x_wconf 89' lang='lat' dir='ltr'>quod</span> <span class='ocrx_word' id='word_1_100' title='bbox 477 1921 708 1986; x_wconf 83' lang='lat' dir='ltr'>incommodior</span> <span class='ocrx_word' id='word_1_101' title='bbox 729 1921 789 1986; x_wconf 81' lang='lat' dir='ltr'>sit¹</span> <span class='ocrx_word' id='word_1_102' title='bbox 808 1944 885 1986; x_wconf 85' lang='lat' dir='ltr'>usus</span> <span class='ocrx_word' id='word_1_103' title='bbox 907 1923 1030 1986; x_wconf 89' lang='lat' dir='ltr'>fructus</span> <span class='ocrx_word' id='word_1_104' title='bbox 1054 1923 1108 1987; x_wconf 83' lang='lat' dir='ltr'>uel</span> <span class='ocrx_word' id='word_1_105' title='bbox 1134 1923 1205 2000; x_wconf 87' lang='lat' dir='ltr'>iter,</span> <span class='ocrx_word' id='word_1_106' title='bbox 1228 1921 1304 1988; x_wconf 84' lang='lat' dir='ltr'>suis-</span> 
     </span>
     <span class='ocr_line' id='line_1_15' title="bbox 289 2025 1120 2112; baseline 0.002 -24"><span class='ocrx_word' id='word_1_107' title='bbox 289 2025 468 2090; x_wconf 87' lang='lat' dir='ltr'>actionibus</span> <span class='ocrx_word' id='word_1_108' title='bbox 483 2027 721 2091; x_wconf 86' lang='lat' dir='ltr'>usufructuario</span> <span class='ocrx_word' id='word_1_109' title='bbox 734 2049 808 2091; x_wconf 89' lang='lat' dir='ltr'>curn</span> <span class='ocrx_word' id='word_1_110' title='bbox 824 2049 861 2090; x_wconf 88' lang='lat' dir='ltr'>eo</span> <span class='ocrx_word' id='word_1_111' title='bbox 877 2027 1120 2112; x_wconf 85' lang='lat' dir='ltr'>experiundum.</span> 
     </span>
     <span class='ocr_line' id='line_1_16' title="bbox 127 2129 1544 2220; baseline 0.003 -30"><span class='ocrx_word' id='word_1_112' title='bbox 127 2143 219 2220; x_wconf 59' lang='lat' dir='ltr'>tanny</span> <span class='ocrx_word' id='word_1_113' title='bbox 355 2129 486 2214; x_wconf 83' lang='lat' dir='ltr'>Siquis</span> <span class='ocrx_word' id='word_1_114' title='bbox 510 2130 758 2216; x_wconf 85' lang='lat' dir='ltr'>italegauerit:</span> <span class='ocrx_word' id='word_1_115' title='bbox 790 2131 932 2196; x_wconf 85' lang='lat' dir='ltr'>‘fructus</span> <span class='ocrx_word' id='word_1_116' title='bbox 956 2153 1079 2195; x_wconf 88' lang='lat' dir='ltr'>annuos</span> <span class='ocrx_word' id='word_1_117' title='bbox 1101 2130 1194 2195; x_wconf 85' lang='lat' dir='ltr'>fundi</span> <span class='ocrx_word' id='word_1_118' title='bbox 1217 2131 1294 2196; x_wconf 80' lang='lat' dir='ltr'>Ocr—</span> <span class='ocrx_word' id='word_1_119' title='bbox 1307 2152 1357 2196; x_wconf 83' lang='lat'>20.</span> <span class='ocrx_word' id='word_1_120' title='bbox 1376 2144 1457 2194; x_wconf 73' lang='lat' dir='ltr'>Uarr·</span> <span class='ocrx_word' id='word_1_121' title='bbox 1540 2157 1544 2164; x_wconf 91' lang='lat'><strong>·</strong></span> 
     </span>
     <span class='ocr_line' id='line_1_17' title="bbox 118 2208 1457 2328; baseline 0.004 -32"><span class='ocrx_word' id='word_1_122' title='bbox 118 2208 211 2270; x_wconf 61' lang='lat' dir='ltr'>sm·</span> <span class='ocrx_word' id='word_1_123' title='bbox 288 2233 410 2297; x_wconf 85' lang='lat' dir='ltr'>neliani</span> <span class='ocrx_word' id='word_1_124' title='bbox 433 2233 515 2298; x_wconf 82' lang='lat' dir='ltr'>Gaio</span> <span class='ocrx_word' id='word_1_125' title='bbox 533 2233 663 2299; x_wconf 87' lang='lat' dir='ltr'>Maeuio</span> <span class='ocrx_word' id='word_1_126' title='bbox 682 2235 723 2299; x_wconf 92' lang='lat' dir='ltr'>do</span> <span class='ocrx_word' id='word_1_127' title='bbox 743 2236 837 2320; x_wconf 82' lang='lat' dir='ltr'>leg0,’</span> <span class='ocrx_word' id='word_1_128' title='bbox 854 2235 987 2321; x_wconf 90' lang='lat' dir='ltr'>perinde</span> <span class='ocrx_word' id='word_1_129' title='bbox 1010 2235 1110 2320; x_wconf 82' lang='lat' dir='ltr'>accipi</span> <span class='ocrx_word' id='word_1_130' title='bbox 1130 2235 1228 2300; x_wconf 88' lang='lat' dir='ltr'>debet</span> <span class='ocrx_word' id='word_1_131' title='bbox 1243 2235 1295 2300; x_wconf 89' lang='lat' dir='ltr'>hic</span> <span class='ocrx_word' id='word_1_132' title='bbox 1307 2210 1457 2328; x_wconf 46' lang='grc' dir='ltr'>ζὲῗξξω,</span> 
     </span>
    </p>
   </div>
   <div class='ocr_carea' id='block_1_4' title="bbox 288 2337 1072 2423">
    <p class='ocr_par' dir='ltr' id='par_1_6' title="bbox 288 2337 1072 2423">
     <span class='ocr_line' id='line_1_18' title="bbox 288 2337 1072 2423; baseline 0 -21"><span class='ocrx_word' id='word_1_133' title='bbox 288 2359 392 2402; x_wconf 80' lang='lat' dir='ltr'>sermo</span> <span class='ocrx_word' id='word_1_134' title='bbox 407 2359 444 2402; x_wconf 85' lang='lat' dir='ltr'>ac</span> <span class='ocrx_word' id='word_1_135' title='bbox 459 2337 487 2400; x_wconf 89' lang='lat' dir='ltr'>si</span> <span class='ocrx_word' id='word_1_136' title='bbox 501 2359 578 2401; x_wconf 89' lang='lat' dir='ltr'>usus</span> <span class='ocrx_word' id='word_1_137' title='bbox 593 2338 717 2402; x_wconf 86' lang='lat' dir='ltr'>fructus</span> <span class='ocrx_word' id='word_1_138' title='bbox 732 2339 823 2402; x_wconf 92' lang='lat' dir='ltr'>fundi</span> <span class='ocrx_word' id='word_1_139' title='bbox 839 2347 923 2402; x_wconf 87' lang='lat' dir='ltr'>esset</span> <span class='ocrx_word' id='word_1_140' title='bbox 938 2339 1072 2423; x_wconf 85' lang='lat' dir='ltr'>legatus.</span> 
     </span>
    </p>
   </div>
   <div class='ocr_carea' id='block_1_5' title="bbox 374 2523 1216 2644">
    <p class='ocr_par' dir='ltr' id='par_1_7' title="bbox 374 2523 1216 2644">
     <span class='ocr_line' id='line_1_19' title="bbox 374 2523 1216 2644; baseline 0.007 -23"><span class='ocrx_word' id='word_1_141' title='bbox 374 2523 479 2622; x_wconf 52' lang='lat' dir='ltr'>&#39;cato</span> <span class='ocrx_word' id='word_1_142' title='bbox 494 2555 534 2641; x_wconf 92' lang='lat' dir='ltr'>of</span> <span class='ocrx_word' id='word_1_143' title='bbox 544 2554 658 2620; x_wconf 81' lang='lat' dir='ltr'>Omner</span> <span class='ocrx_word' id='word_1_144' title='bbox 671 2555 739 2620; x_wconf 83' lang='lat' dir='ltr'>ond</span> <span class='ocrx_word' id='word_1_145' title='bbox 753 2555 938 2642; x_wconf 77' lang='lat' dir='ltr'>Fructuar·y</span> <span class='ocrx_word' id='word_1_146' title='bbox 952 2557 1085 2644; x_wconf 58' lang='lat' dir='ltr'>corrupt</span> <span class='ocrx_word' id='word_1_147' title='bbox 1101 2557 1216 2626; x_wconf 59' lang='lat' dir='ltr'>&amp;uvea</span> 
     </span>
    </p>
   </div>
   <div class='ocr_carea' id='block_1_6' title="bbox 288 2690 1459 4022">
    <p class='ocr_par' dir='ltr' id='par_1_8' title="bbox 288 2690 1459 4022">
     <span class='ocr_line' id='line_1_20' title="bbox 357 2690 1457 2783; baseline 0.005 -22"><span class='ocrx_word' id='word_1_148' title='bbox 357 2696 394 2762; x_wconf 83' lang='lat' dir='ltr'>Si</span> <span class='ocrx_word' id='word_1_149' title='bbox 420 2695 507 2760; x_wconf 88' lang='lat' dir='ltr'>serui</span> <span class='ocrx_word' id='word_1_150' title='bbox 533 2717 611 2766; x_wconf 89' lang='lat' dir='ltr'>usus</span> <span class='ocrx_word' id='word_1_151' title='bbox 641 2690 764 2759; x_wconf 89' lang='lat' dir='ltr'>fructus</span> <span class='ocrx_word' id='word_1_152' title='bbox 794 2694 838 2760; x_wconf 89' lang='lat' dir='ltr'>sit</span> <span class='ocrx_word' id='word_1_153' title='bbox 866 2695 1002 2780; x_wconf 86' lang='lat' dir='ltr'>legatus,</span> <span class='ocrx_word' id='word_1_154' title='bbox 1025 2697 1186 2783; x_wconf 56' lang='lat' dir='ltr'>quidquid,</span> <span class='ocrx_word' id='word_1_155' title='bbox 1205 2698 1234 2763; x_wconf 93' lang='lat' dir='ltr'>is</span> <span class='ocrx_word' id='word_1_156' title='bbox 1255 2720 1356 2768; x_wconf 80' lang='lat' dir='ltr'>ex21.</span> <span class='ocrx_word' id='word_1_157' title='bbox 1385 2717 1457 2766; x_wconf 74' lang='lat' dir='ltr'>Iona</span> 
     </span>
     <span class='ocr_line' id='line_1_21' title="bbox 290 2782 1413 2900; baseline 0.001 -34"><span class='ocrx_word' id='word_1_158' title='bbox 290 2823 387 2888; x_wconf 89' lang='lat' dir='ltr'>opera</span> <span class='ocrx_word' id='word_1_159' title='bbox 401 2823 460 2865; x_wconf 87' lang='lat' dir='ltr'>sua</span> <span class='ocrx_word' id='word_1_160' title='bbox 474 2799 618 2886; x_wconf 78' lang='lat' dir='ltr'>adquirit</span> <span class='ocrx_word' id='word_1_161' title='bbox 632 2800 687 2864; x_wconf 84' lang='lat' dir='ltr'>uel</span> <span class='ocrx_word' id='word_1_162' title='bbox 702 2821 742 2863; x_wconf 85' lang='lat' dir='ltr'>ex</span> <span class='ocrx_word' id='word_1_163' title='bbox 758 2821 792 2864; x_wconf 88' lang='lat' dir='ltr'>re</span> <span class='ocrx_word' id='word_1_164' title='bbox 808 2799 984 2878; x_wconf 82' lang='lat' dir='ltr'>fructuarii,</span> <span class='ocrx_word' id='word_1_165' title='bbox 999 2801 1133 2866; x_wconf 89' lang='lat' dir='ltr'>adeum</span> <span class='ocrx_word' id='word_1_166' title='bbox 1143 2802 1295 2888; x_wconf 86' lang='lat' dir='ltr'>pertinet,</span> <span class='ocrx_word' id='word_1_167' title='bbox 1307 2782 1413 2900; x_wconf 52' lang='lat' dir='ltr'>{315²b·</span> 
     </span>
     <span class='ocr_line' id='line_1_22' title="bbox 290 2901 1296 2989; baseline 0.001 -19"><span class='ocrx_word' id='word_1_168' title='bbox 290 2905 359 2970; x_wconf 86' lang='lat' dir='ltr'>siue</span> <span class='ocrx_word' id='word_1_169' title='bbox 380 2904 555 2989; x_wconf 85' lang='lat' dir='ltr'>stipuletur</span> <span class='ocrx_word' id='word_1_170' title='bbox 575 2903 645 2967; x_wconf 88' lang='lat' dir='ltr'>siue</span> <span class='ocrx_word' id='word_1_171' title='bbox 664 2901 694 2967; x_wconf 90' lang='lat' dir='ltr'>ei</span> <span class='ocrx_word' id='word_1_172' title='bbox 708 2902 864 2988; x_wconf 81' lang='lat' dir='ltr'>possessio</span> <span class='ocrx_word' id='word_1_173' title='bbox 879 2903 978 2968; x_wconf 90' lang='lat' dir='ltr'>fuerit</span> <span class='ocrx_word' id='word_1_174' title='bbox 992 2904 1120 2970; x_wconf 86' lang='lat' dir='ltr'>tradita.</span> <span class='ocrx_word' id='word_1_175' title='bbox 1167 2905 1204 2971; x_wconf 82' lang='lat' dir='ltr'>Si</span> <span class='ocrx_word' id='word_1_176' title='bbox 1219 2928 1296 2971; x_wconf 85' lang='lat' dir='ltr'>uero</span> 
     </span>
     <span class='ocr_line' id='line_1_23' title="bbox 290 3007 1297 3092; baseline -0.001 -19"><span class='ocrx_word' id='word_1_177' title='bbox 290 3009 383 3073; x_wconf 86' lang='lat' dir='ltr'>heres</span> <span class='ocrx_word' id='word_1_178' title='bbox 403 3008 574 3072; x_wconf 90' lang='lat' dir='ltr'>institutus</span> <span class='ocrx_word' id='word_1_179' title='bbox 599 3007 718 3071; x_wconf 89' lang='lat' dir='ltr'>situel</span> <span class='ocrx_word' id='word_1_180' title='bbox 743 3007 889 3092; x_wconf 86' lang='lat' dir='ltr'>legatum</span> <span class='ocrx_word' id='word_1_181' title='bbox 913 3007 1081 3092; x_wconf 89' lang='lat' dir='ltr'>acceperit,</span> <span class='ocrx_word' id='word_1_182' title='bbox 1103 3008 1211 3072; x_wconf 88' lang='lat' dir='ltr'>Labeo</span> <span class='ocrx_word' id='word_1_183' title='bbox 1232 3009 1297 3072; x_wconf 93' lang='lat' dir='ltr'>dis-</span> 
     </span>
     <span class='ocr_line' id='line_1_24' title="bbox 291 3110 1297 3199; baseline -0.002 -21"><span class='ocrx_word' id='word_1_184' title='bbox 291 3113 423 3199; x_wconf 86' lang='lat' dir='ltr'>tinguit,</span> <span class='ocrx_word' id='word_1_185' title='bbox 442 3112 535 3178; x_wconf 90' lang='lat' dir='ltr'>cuius</span> <span class='ocrx_word' id='word_1_186' title='bbox 556 3111 662 3197; x_wconf 84' lang='lat' dir='ltr'>gratia</span> <span class='ocrx_word' id='word_1_187' title='bbox 679 3111 734 3175; x_wconf 91' lang='lat' dir='ltr'>uel</span> <span class='ocrx_word' id='word_1_188' title='bbox 752 3110 846 3176; x_wconf 88' lang='lat' dir='ltr'>heres</span> <span class='ocrx_word' id='word_1_189' title='bbox 868 3110 1054 3176; x_wconf 85' lang='lat' dir='ltr'>instituitur</span> <span class='ocrx_word' id='word_1_190' title='bbox 1075 3112 1130 3176; x_wconf 87' lang='lat' dir='ltr'>uel</span> <span class='ocrx_word' id='word_1_191' title='bbox 1151 3112 1297 3198; x_wconf 86' lang='lat' dir='ltr'>legatum</span> 
     </span>
     <span class='ocr_line' id='line_1_25' title="bbox 288 3201 1459 3302; baseline -0.001 -21"><span class='ocrx_word' id='word_1_192' title='bbox 288 3201 457 3302; x_wconf 85' lang='lat' dir='ltr'>acceperit.</span> <span class='ocrx_word' id='word_1_193' title='bbox 502 3216 568 3281; x_wconf 81' lang='lat' dir='ltr'>Sed</span> <span class='ocrx_word' id='word_1_194' title='bbox 589 3224 623 3280; x_wconf 88' lang='lat' dir='ltr'>et</span> <span class='ocrx_word' id='word_1_195' title='bbox 647 3215 674 3280; x_wconf 91' lang='lat' dir='ltr'>si</span> <span class='ocrx_word' id='word_1_196' title='bbox 694 3215 773 3300; x_wconf 91' lang='lat' dir='ltr'>quid</span> <span class='ocrx_word' id='word_1_197' title='bbox 797 3215 937 3280; x_wconf 87' lang='lat' dir='ltr'>donatur</span> <span class='ocrx_word' id='word_1_198' title='bbox 957 3239 1059 3292; x_wconf 86' lang='lat' dir='ltr'>seruc,</span> <span class='ocrx_word' id='word_1_199' title='bbox 1077 3217 1115 3280; x_wconf 92' lang='lat' dir='ltr'>in</span> <span class='ocrx_word' id='word_1_200' title='bbox 1135 3239 1201 3302; x_wconf 84' lang='lat' dir='ltr'>qno</span> <span class='ocrx_word' id='word_1_201' title='bbox 1220 3239 1298 3281; x_wconf 87' lang='lat' dir='ltr'>usus</span> <span class='ocrx_word' id='word_1_202' title='bbox 1310 3237 1361 3282; x_wconf 92' lang='lat'>22.</span> <span class='ocrx_word' id='word_1_203' title='bbox 1387 3231 1459 3281; x_wconf 76' lang='lat' dir='ltr'>Inan</span> 
     </span>
     <span class='ocr_line' id='line_1_26' title="bbox 291 3296 1415 3411; baseline 0.002 -29"><span class='ocrx_word' id='word_1_204' title='bbox 291 3319 415 3384; x_wconf 88' lang='lat' dir='ltr'>fructus</span> <span class='ocrx_word' id='word_1_205' title='bbox 437 3319 569 3384; x_wconf 87' lang='lat' dir='ltr'>alterius</span> <span class='ocrx_word' id='word_1_206' title='bbox 590 3326 647 3394; x_wconf 88' lang='lat' dir='ltr'>est,</span> <span class='ocrx_word' id='word_1_207' title='bbox 666 3317 842 3402; x_wconf 87' lang='lat' dir='ltr'>quaeritur,</span> <span class='ocrx_word' id='word_1_208' title='bbox 863 3317 945 3402; x_wconf 90' lang='lat' dir='ltr'>quid</span> <span class='ocrx_word' id='word_1_209' title='bbox 963 3317 1035 3382; x_wconf 89' lang='lat' dir='ltr'>fieri</span> <span class='ocrx_word' id='word_1_210' title='bbox 1055 3327 1212 3402; x_wconf 88' lang='lat' dir='ltr'>oporteat.</span> <span class='ocrx_word' id='word_1_211' title='bbox 1253 3320 1298 3384; x_wconf 91' lang='lat' dir='ltr'>Et</span> <span class='ocrx_word' id='word_1_212' title='bbox 1310 3296 1415 3411; x_wconf 52' lang='lat' dir='ltr'>{ffiab</span> 
     </span>
     <span class='ocr_line' id='line_1_27' title="bbox 291 3419 1299 3506; baseline 0.002 -22"><span class='ocrx_word' id='word_1_213' title='bbox 291 3421 327 3484; x_wconf 92' lang='lat' dir='ltr'>iu</span> <span class='ocrx_word' id='word_1_214' title='bbox 349 3419 498 3486; x_wconf 86' lang='lat' dir='ltr'>omnibus</span> <span class='ocrx_word' id='word_1_215' title='bbox 520 3419 600 3497; x_wconf 87' lang='lat' dir='ltr'>istis,</span> <span class='ocrx_word' id='word_1_216' title='bbox 624 3419 651 3484; x_wconf 88' lang='lat' dir='ltr'>si</span> <span class='ocrx_word' id='word_1_217' title='bbox 673 3419 804 3504; x_wconf 91' lang='lat' dir='ltr'>quidem</span> <span class='ocrx_word' id='word_1_218' title='bbox 831 3421 1103 3506; x_wconf 85' lang='lat' dir='ltr'>contemplatione</span> <span class='ocrx_word' id='word_1_219' title='bbox 1129 3422 1299 3486; x_wconf 86' lang='lat' dir='ltr'>fructuarii</span> 
     </span>
     <span class='ocr_line' id='line_1_28' title="bbox 291 3523 1299 3612; baseline 0.001 -23"><span class='ocrx_word' id='word_1_220' title='bbox 291 3523 416 3611; x_wconf 84' lang='lat' dir='ltr'>aliquid</span> <span class='ocrx_word' id='word_1_221' title='bbox 438 3525 469 3589; x_wconf 88' lang='lat' dir='ltr'>ei</span> <span class='ocrx_word' id='word_1_222' title='bbox 491 3524 640 3588; x_wconf 82' lang='lat' dir='ltr'>relictum</span> <span class='ocrx_word' id='word_1_223' title='bbox 663 3524 717 3588; x_wconf 91' lang='lat' dir='ltr'>ucl</span> <span class='ocrx_word' id='word_1_224' title='bbox 738 3525 894 3589; x_wconf 86' lang='lat' dir='ltr'>donatum</span> <span class='ocrx_word' id='word_1_225' title='bbox 910 3534 967 3602; x_wconf 89' lang='lat' dir='ltr'>est,</span> <span class='ocrx_word' id='word_1_226' title='bbox 982 3525 1044 3610; x_wconf 87' lang='lat' dir='ltr'>ipsi</span> <span class='ocrx_word' id='word_1_227' title='bbox 1059 3525 1226 3612; x_wconf 89' lang='lat' dir='ltr'>adquiret:</span> <span class='ocrx_word' id='word_1_228' title='bbox 1248 3527 1299 3591; x_wconf 91' lang='lat' dir='ltr'>sin</span> 
     </span>
     <span class='ocr_line' id='line_1_29' title="bbox 291 3627 1300 3716; baseline 0.002 -23"><span class='ocrx_word' id='word_1_229' title='bbox 291 3650 369 3693; x_wconf 90' lang='lat' dir='ltr'>uero</span> <span class='ocrx_word' id='word_1_230' title='bbox 383 3627 594 3714; x_wconf 89' lang='lat' dir='ltr'>proprietarii,</span> <span class='ocrx_word' id='word_1_231' title='bbox 609 3627 830 3713; x_wconf 89' lang='lat' dir='ltr'>proprietario:</span> <span class='ocrx_word' id='word_1_232' title='bbox 852 3628 879 3692; x_wconf 92' lang='lat' dir='ltr'>si</span> <span class='ocrx_word' id='word_1_233' title='bbox 894 3628 995 3712; x_wconf 87' lang='lat' dir='ltr'>ipsius</span> <span class='ocrx_word' id='word_1_234' title='bbox 1005 3629 1098 3708; x_wconf 85' lang='lat' dir='ltr'>serui,</span> <span class='ocrx_word' id='word_1_235' title='bbox 1111 3631 1300 3716; x_wconf 78' lang='lat' dir='ltr'>adquiratur</span> 
     </span>
     <span class='ocr_line' id='line_1_30' title="bbox 291 3731 1298 3817; baseline 0.002 -20"><span class='ocrx_word' id='word_1_236' title='bbox 291 3733 430 3810; x_wconf 89' lang='lat' dir='ltr'>domino,</span> <span class='ocrx_word' id='word_1_237' title='bbox 446 3753 505 3796; x_wconf 89' lang='lat' dir='ltr'>nec</span> <span class='ocrx_word' id='word_1_238' title='bbox 524 3731 762 3816; x_wconf 86' lang='lat' dir='ltr'>distinguimus,</span> <span class='ocrx_word' id='word_1_239' title='bbox 778 3731 863 3796; x_wconf 87' lang='lat' dir='ltr'>unde</span> <span class='ocrx_word' id='word_1_240' title='bbox 883 3731 1050 3817; x_wconf 87' lang='lat' dir='ltr'>cognitum</span> <span class='ocrx_word' id='word_1_241' title='bbox 1065 3755 1141 3798; x_wconf 86' lang='lat' dir='ltr'>eum</span> <span class='ocrx_word' id='word_1_242' title='bbox 1157 3742 1191 3798; x_wconf 91' lang='lat' dir='ltr'>et</span> <span class='ocrx_word' id='word_1_243' title='bbox 1206 3735 1298 3799; x_wconf 89' lang='lat' dir='ltr'>cuius</span> 
     </span>
     <span class='ocr_line' id='line_1_31' title="bbox 291 3833 1298 3920; baseline -0.001 -19"><span class='ocrx_word' id='word_1_244' title='bbox 291 3837 407 3902; x_wconf 89' lang='lat' dir='ltr'>merito</span> <span class='ocrx_word' id='word_1_245' title='bbox 436 3833 552 3899; x_wconf 86' lang='lat' dir='ltr'>habuit</span> <span class='ocrx_word' id='word_1_246' title='bbox 587 3833 644 3918; x_wconf 84' lang='lat' dir='ltr'>qui</span> <span class='ocrx_word' id='word_1_247' title='bbox 673 3833 810 3897; x_wconf 91' lang='lat' dir='ltr'>donauit</span> <span class='ocrx_word' id='word_1_248' title='bbox 839 3834 894 3898; x_wconf 88' lang='lat' dir='ltr'>uel</span> <span class='ocrx_word' id='word_1_249' title='bbox 922 3835 1062 3920; x_wconf 81' lang='lat' dir='ltr'>reliquit</span> <span class='ocrx_word' id='word_1_250' title='bbox 1117 3836 1182 3901; x_wconf 83' lang='lat' dir='ltr'>Sed</span> <span class='ocrx_word' id='word_1_251' title='bbox 1211 3845 1245 3902; x_wconf 87' lang='lat' dir='ltr'>et</span> <span class='ocrx_word' id='word_1_252' title='bbox 1271 3837 1298 3901; x_wconf 89' lang='lat' dir='ltr'>si</span> 
     </span>
     <span class='ocr_line' id='line_1_32' title="bbox 291 3937 1298 4022; baseline 0 -16"><span class='ocrx_word' id='word_1_253' title='bbox 291 3938 487 4006; x_wconf 89' lang='lat' dir='ltr'>condicionis</span> <span class='ocrx_word' id='word_1_254' title='bbox 513 3937 697 4022; x_wconf 90' lang='lat' dir='ltr'>implendae</span> <span class='ocrx_word' id='word_1_255' title='bbox 724 3959 820 4002; x_wconf 89' lang='lat' dir='ltr'>causa</span> <span class='ocrx_word' id='word_1_256' title='bbox 849 3937 930 4022; x_wconf 91' lang='lat' dir='ltr'>quid</span> <span class='ocrx_word' id='word_1_257' title='bbox 959 3961 1073 4004; x_wconf 87' lang='lat' dir='ltr'>seruus</span> <span class='ocrx_word' id='word_1_258' title='bbox 1101 3941 1298 4006; x_wconf 84' lang='lat' dir='ltr'>fructuarius</span> 
     </span>
    </p>
   </div>
   <div class='ocr_carea' id='block_1_7' title="bbox 293 4041 1297 4128">
    <p class='ocr_par' dir='ltr' id='par_1_9' title="bbox 293 4041 1297 4128">
     <span class='ocr_line' id='line_1_33' title="bbox 293 4041 1297 4128; baseline -0.001 -18"><span class='ocrx_word' id='word_1_259' title='bbox 293 4049 509 4128; x_wconf 87' lang='lat' dir='ltr'>consequatur</span> <span class='ocrx_word' id='word_1_260' title='bbox 540 4050 578 4105; x_wconf 90' lang='lat' dir='ltr'>et</span> <span class='ocrx_word' id='word_1_261' title='bbox 603 4041 801 4106; x_wconf 78' lang='lat' dir='ltr'>constiterit³</span> <span class='ocrx_word' id='word_1_262' title='bbox 829 4043 1101 4127; x_wconf 50' lang='lat' dir='ltr'>contemptationc</span> <span class='ocrx_word' id='word_1_263' title='bbox 1130 4045 1297 4112; x_wconf 86' lang='lat' dir='ltr'>fructuarii</span> 
     </span>
    </p>
   </div>
   <div class='ocr_carea' id='block_1_8' title="bbox 419 4247 1202 4392">
    <p class='ocr_par' dir='ltr' id='par_1_10' title="bbox 419 4247 1202 4392">
     <span class='ocr_line' id='line_1_34' title="bbox 419 4247 1202 4301; baseline 0.005 -5"><span class='ocrx_word' id='word_1_264' title='bbox 419 4247 560 4297; x_wconf 82' lang='lat' dir='ltr'>¹·Fortaree</span> <span class='ocrx_word' id='word_1_265' title='bbox 571 4247 674 4298; x_wconf 82' lang='lat' dir='ltr'>insulae</span> <span class='ocrx_word' id='word_1_266' title='bbox 685 4262 763 4296; x_wconf 86' lang='lat' dir='ltr'>usum</span> <span class='ocrx_word' id='word_1_267' title='bbox 775 4247 896 4300; x_wconf 78' lang='lat' dir='ltr'>fructum.</span> <span class='ocrx_word' id='word_1_268' title='bbox 935 4251 998 4299; x_wconf 79' lang='lat' dir='ltr'>Uicta</span> <span class='ocrx_word' id='word_1_269' title='bbox 1009 4251 1202 4301; x_wconf 79' lang='lat' dir='ltr'>adnotationem.</span> 
     </span>
     <span class='ocr_line' id='line_1_35' title="bbox 420 4327 1181 4392; baseline 0.003 -16"><span class='ocrx_word' id='word_1_270' title='bbox 420 4328 430 4358; x_wconf 81' lang='lat'>²</span> <span class='ocrx_word' id='word_1_271' title='bbox 446 4327 633 4378; x_wconf 87' lang='lat' dir='ltr'>incommodior</span> <span class='ocrx_word' id='word_1_272' title='bbox 644 4327 668 4378; x_wconf 89' lang='lat' dir='ltr'>is</span> <span class='ocrx_word' id='word_1_273' title='bbox 680 4329 714 4378; x_wconf 89' lang='lat' dir='ltr'>sit</span> <span class='ocrx_word' id='word_1_274' title='bbox 726 4331 755 4392; x_wconf 84' lang='lat' dir='ltr'>F,</span> <span class='ocrx_word' id='word_1_275' title='bbox 769 4331 917 4388; x_wconf 66' lang='lat' dir='ltr'>Mommrem</span> <span class='ocrx_word' id='word_1_276' title='bbox 936 4345 982 4380; x_wconf 84' lang='lat' dir='ltr'>orr.</span> <span class='ocrx_word' id='word_1_277' title='bbox 994 4329 1017 4378; x_wconf 90' lang='lat' dir='ltr'>is</span> <span class='ocrx_word' id='word_1_278' title='bbox 1031 4331 1106 4379; x_wconf 80' lang='lat' dir='ltr'>Codd.</span> <span class='ocrx_word' id='word_1_279' title='bbox 1122 4331 1181 4379; x_wconf 78' lang='lat' dir='ltr'>dett.</span> 
     </span>
    </p>
   </div>
   <div class='ocr_carea' id='block_1_9' title="bbox 419 4412 836 4464">
    <p class='ocr_par' dir='ltr' id='par_1_11' title="bbox 419 4412 836 4464">
     <span class='ocr_line' id='line_1_36' title="bbox 419 4412 836 4464; baseline 0.01 -4"><span class='ocrx_word' id='word_1_280' title='bbox 419 4412 429 4443; x_wconf 83' lang='lat'>³</span> <span class='ocrx_word' id='word_1_281' title='bbox 445 4415 471 4460; x_wconf 89' lang='lat' dir='ltr'>et</span> <span class='ocrx_word' id='word_1_282' title='bbox 482 4412 558 4462; x_wconf 82' lang='lat' dir='ltr'>addit</span> <span class='ocrx_word' id='word_1_283' title='bbox 568 4415 592 4462; x_wconf 73' lang='lat' dir='ltr'><em>F</em></span> <span class='ocrx_word' id='word_1_284' title='bbox 602 4429 632 4462; x_wconf 81' lang='lat' dir='ltr'>oc</span> <span class='ocrx_word' id='word_1_285' title='bbox 643 4415 740 4464; x_wconf 79' lang='lat' dir='ltr'>incerta</span> <span class='ocrx_word' id='word_1_286' title='bbox 753 4429 836 4464; x_wconf 74' lang='lat' dir='ltr'>amrin.</span> 
     </span>
    </p>
   </div>
   <div class='ocr_carea' id='block_1_10' title="bbox 0 0 1558 5076">
    <p class='ocr_par' dir='ltr' id='par_1_12' title="bbox 0 0 1558 5076">
     <span class='ocr_line' id='line_1_37' title="bbox 0 0 1558 5076; baseline 0 2"><span class='ocrx_word' id='word_1_287' title='bbox 0 0 1558 5076; x_wconf 95' lang='lat' dir='ltr'> </span> 
     </span>
    </p>
   </div>
  </div>
 </body>
</html>
