3108 5076
251 475 253 480 Ι
340 387 381 450 aa
706 382 966 469 mansuer

175 558 255 622 araur
267 565 292 610 ω
405 551 568 619 Defuneta
582 549 759 617 fructuaria
778 571 888 616 mense
910 547 1085 616 Decembri
1106 551 1172 615 iam
1192 549 1345 616 omnibus
1357 547 1520 606 ⁸⁸2&ss-

173 624 318 740 mm,
339 655 508 734 fructibus,
532 655 589 742 qui
617 652 653 719 in
676 653 728 719 his
753 653 839 740 agris
865 659 1051 732 naseuntur,
1075 675 1186 719 mense
1210 651 1345 719 Octobri
1357 625 1495 739 ἔξω,

247 841 249 848 .
332 781 397 846 per
415 757 542 824 colonos
556 755 692 826 sublatis
706 755 891 842 quaesitum
906 764 966 835 est,
979 765 1093 824 utrum
1107 757 1220 844 pensio
1234 755 1347 823 heredi
1358 756 1403 792 ¹¹¹·

338 860 531 928 fructuariae
546 859 628 926 solui
638 857 777 938 deberet,
787 859 938 944 quamuis
952 859 1128 926 fructuaria
1142 868 1219 926 aute
1233 859 1346 925 halen·

338 965 397 1031 das
412 964 555 1042 Martias,
564 962 683 1050 quibus
696 963 866 1049 pensiones
877 963 988 1029 inferri
1004 963 1152 1044 debeant,
1164 963 1345 1038 decesserit,

338 1091 391 1138 au,
410 1067 514 1134 diuidi
542 1066 660 1133 debeat
688 1066 775 1132 inter
803 1065 958 1133 heredem
985 1067 1180 1134 fructuariae
1208 1078 1243 1134 et
1276 1089 1346 1134 rem

339 1171 511 1258 publicam,
539 1171 592 1237 cui
621 1171 811 1258 proprietas,
829 1171 938 1258 legata
966 1180 1025 1237 est.
1080 1149 1248 1260 Respondi
1276 1193 1345 1237 rem

339 1275 502 1362 publicam
517 1273 651 1361 quidem
666 1296 741 1340 oum
757 1274 868 1340 colono
888 1275 1013 1341 nullam
1034 1275 1197 1342 actionem
1216 1275 1344 1354 habere,

339 1379 535 1447 fructuariae
558 1401 636 1445 uero
660 1378 815 1445 heredem
836 1401 896 1446 sua
916 1381 979 1458 die,
1000 1379 1178 1446 secundum
1201 1401 1345 1466 eaquae

339 1490 600 1570 proponerentur,
614 1481 776 1568 integram
787 1483 977 1569 pensionem
991 1493 1229 1571 percepturum

177 1597 346 1660 aequatos·
404 1585 615 1672 ‘Sempronio
638 1584 681 1650 do
704 1585 777 1671 lego
803 1607 844 1652 ex
869 1585 1003 1652 redactu
1031 1587 1203 1655 fructuum
1227 1585 1376 1652 holerisl

176 1660 291 1776 stercor
340 1695 375 1754 et
395 1687 552 1775 porrinae,
575 1709 659 1775 quae
683 1687 788 1753 habeo
811 1688 847 1752 in
870 1707 947 1774 agro
970 1687 1199 1769 Farrariorum,
1218 1696 1344 1776 partem

340 1778 486 1870 scitam),
529 1791 714 1872 Quaeritur,
728 1814 772 1857 an
794 1791 846 1858 his
865 1792 974 1858 uerbis
989 1794 1204 1860 ususfructus
1218 1794 1346 1880 legatus
1465 1852 1467 1856 .

241 1900 244 1906 '
340 1889 498 1979 uideatur.
542 1895 708 1987 Respondi
722 1917 788 1961 uon
801 1917 898 1960 usum
912 1896 1065 1974 fructum,
1078 1897 1136 1962 sed
1150 1920 1192 1962 ex
1206 1920 1244 1964 eo
1258 1895 1345 1983 quod

339 1999 508 2065 redactum
527 2006 613 2065 esset
633 2007 761 2086 partem
781 1999 934 2085 legatam.
978 1999 1066 2064 Item
1083 1999 1269 2086 quaesitum
1286 2008 1376 2078 este

340 2104 368 2170 si
386 2105 606 2170 ususfructus
625 2125 692 2168 non
709 2111 804 2184 esset,
825 2125 866 2168 an
887 2105 1060 2190 quotannis
1079 2112 1205 2192 partem
1221 2112 1346 2170 sextam

339 2206 504 2273 redactam
514 2206 679 2294 legaucrit
697 2199 875 2293 ‘Respondi
886 2199 1060 2293 quotannis
1071 2208 1177 2273 uideri
1186 2208 1345 2284 rehctum,
1425 2257 1427 2259 -
1456 2193 1459 2197 ⁵

339 2315 405 2380 nisi
418 2312 614 2379 contrarium
628 2312 811 2398 specialiter
825 2311 868 2377 ab
881 2311 1000 2378 herede
1011 2311 1214 2398 adprobatur.

179 2425 328 2502 Prodaa'of
405 2418 547 2484 Arbores
568 2416 604 2480 ui
622 2415 837 2502 tempestatis,
858 2438 924 2480 non
943 2415 1040 2500 culpa
1062 2414 1230 2480 fructuarii
1253 2437 1344 2480 euer-
1358 2429 1411 2474 ⁸⁰·
1436 2405 1510 2474 Pru.
1544 2495 1545 2502 ἵ

175 2508 265 2574 ,επακ
295 2559 298 2570 .
342 2543 402 2602 sa,
430 2522 480 2588 aa
494 2543 533 2587 eo
562 2520 706 2587 rasurus
734 2544 800 2586 non
829 2519 944 2607 pacet.
990 2519 1156 2606 Quidquid
1179 2519 1215 2584 in
1243 2519 1344 2592 fundo
1357 2488 1486 2606 ἔξω

341 2625 485 2691 nascitur
505 2623 560 2690 uel
581 2624 741 2710 quidquid
761 2624 837 2689 inde
858 2623 1044 2710 percipitur,
1067 2623 1109 2688 ad
1132 2619 1374 2694 fructuarium1

341 2728 494 2816 pertinet,
512 2727 684 2814 pensiones
703 2750 832 2814 quoque
850 2728 917 2793 iam
938 2735 1036 2794 antea
1054 2727 1233 2793 locatorum
1254 2749 1346 2813 agro·
1402 2764 1406 2772 ·

341 2855 426 2909 rum,
449 2833 478 2898 si
500 2831 591 2918 ipsae
620 2854 750 2917 quoque
776 2832 958 2918 specialiter
983 2831 1235 2919 comprehensae
1262 2832 1346 2898 sint:

341 2937 400 3002 sed
424 2936 468 3001 ad
489 2935 678 3022 exemplum
698 2935 908 3018 uenditionis‚
932 2937 995 3002 nisi
1019 2936 1142 3002 fuerint
1165 2935 1348 3022 specialiter

341 3047 504 3126 exceptae,
525 3045 633 3130 potest
654 3038 912 3105 usufructuarius
933 3039 1159 3105 conductorem
1181 3039 1346 3125 repellere.

343 3145 463 3212 (laesae
492 3143 684 3238 harundinis
712 3143 768 3211 uel
800 3144 867 3232 pali
902 3145 1140 3231 compendium,
1174 3143 1273 3210 siin
1308 3151 1375 3208 cot
1475 3219 1477 3224 Ι

342 3271 470 3336 quoque
494 3247 588 3316 fundi
610 3247 752 3340 uectigal
777 3270 847 3314 esse
870 3249 1047 3328 consueuit,
1070 3249 1112 3314 ad
1133 3247 1346 3314 fructuarium

257 3359 259 3364 '
341 3353 516 3438 pertinet·
666 3429 667 3433 Ἰ
783 3363 785 3365 ’

179 3469 301 3532 Βίριιιο]
407 3455 649 3541 Cuiuscumque
678 3455 778 3520 fundi·
794 3454 1052 3534 usufructuarius
1077 3454 1260 3541 prohibitus
1286 3462 1345 3520 aut
1360 3475 1419 3521 οο.
1443 3473 1515 3522 1011

174 3536 312 3649 {mm
341 3558 487 3624 deiectus
515 3558 556 3624 de
585 3558 794 3624 restitutione
823 3557 970 3622 omnium
996 3581 1105 3623 rerum
1128 3558 1227 3622 simul
1252 3579 1346 3622 oocu-
1360 3536 1522 3589 Sontenua

174 3665 322 3728 poaaaam.
341 3670 492 3750 patarum
511 3662 599 3749 agit:
621 3662 678 3728 sed
698 3671 733 3729 et
752 3663 902 3729 simedio
916 3672 1061 3748 tempore
1076 3662 1139 3728 ah'o
1154 3685 1230 3728 casu
1245 3661 1346 3728 inter·

342 3764 456 3832 ciderit
474 3787 552 3830 usus
572 3766 706 3846 fructus,
721 3789 825 3853 aeque
846 3766 887 3831 de
902 3765 1062 3852 perceptis
1077 3773 1174 3831 antea
1187 3765 1345 3832 fructibus

341 3870 434 3937 utilis
462 3870 547 3936 actio
565 3871 741 3939 tribuitur.
785 3871 823 3938 Si
847 3871 976 3949 fundus,
1002 3870 1095 3936 ouius
1118 3893 1197 3936 usus
1222 3871 1374 3937 fructusl

259 4009 260 4013 ¹
340 3975 476 4061 petitur,
497 3996 562 4040 non
583 3995 604 4039 a
625 3974 764 4040 domino
777 3974 988 4060 possideatur,
1004 3975 1088 4040 actio
1102 3974 1257 4040 redditur.
1300 3974 1345 4040 Et

341 4078 414 4144 ideo
442 4078 471 4144 si
500 4077 541 4144 de
566 4077 661 4142 fundi
687 4078 884 4164 proprietate
907 4077 996 4142 inter
1017 4077 1099 4143 duos
1121 4079 1268 4165 quaestio
1293 4078 1345 4156 sit,

340 4182 534 4252 fructuarius
553 4180 657 4247 nihilo
671 4180 780 4248 minus
794 4179 830 4246 in
844 4180 1042 4266 possessione
1057 4203 1126 4246 esse
1140 4180 1238 4248 debet
1253 4183 1345 4247 satis-

570 4399 580 4432 ¹
597 4397 701 4451 restitui
712 4413 743 4448 ec
754 4369 808 4448 rusa
819 4398 902 4456 aaut:
924 4396 1048 4448 substitui
1061 4398 1137 4449 Godd.
