<?xml version="1.0" encoding="UTF-8"?>
<!DOCTYPE html PUBLIC "-//W3C//DTD XHTML 1.0 Transitional//EN"
    "http://www.w3.org/TR/xhtml1/DTD/xhtml1-transitional.dtd">
<html xmlns="http://www.w3.org/1999/xhtml" xml:lang="en" lang="en">
 <head>
  <title>
</title>
<meta http-equiv="Content-Type" content="text/html;charset=utf-8" />
  <meta name='ocr-system' content='tesseract 3.04.00' />
  <meta name='ocr-capabilities' content='ocr_page ocr_carea ocr_par ocr_line ocrx_word'/>
</head>
<body>
  <div class='ocr_page' id='page_1' title='image "./deusufructuiust00robygoog_0038.png"; bbox 0 0 3108 5076; ppageno 0'>
   <div class='ocr_carea' id='block_1_1' title="bbox 639 360 1238 426">
    <p class='ocr_par' dir='ltr' id='par_1_1' title="bbox 639 360 1238 426">
     <span class='ocr_line' id='line_1_1' title="bbox 639 360 1238 426; baseline 0 -2"><span class='ocrx_word' id='word_1_1' title='bbox 639 360 651 424; x_wconf 96' lang='lat' dir='ltr'>l</span> <span class='ocrx_word' id='word_1_2' title='bbox 667 361 764 426; x_wconf 43' lang='lat' dir='ltr'>tls-l</span> <span class='ocrx_word' id='word_1_3' title='bbox 780 363 829 426; x_wconf 73' lang='lat'>64.</span> <span class='ocrx_word' id='word_1_4' title='bbox 1197 361 1238 424; x_wconf 81' lang='lat'>23</span> 
     </span>
    </p>
   </div>
   <div class='ocr_carea' id='block_1_2' title="bbox 58 517 1421 3898">
    <p class='ocr_par' dir='ltr' id='par_1_2' title="bbox 231 517 1308 1204">
     <span class='ocr_line' id='line_1_2' title="bbox 231 517 1238 606; baseline 0 -23"><span class='ocrx_word' id='word_1_5' title='bbox 231 540 296 603; x_wconf 85' lang='lat' dir='ltr'>que</span> <span class='ocrx_word' id='word_1_6' title='bbox 319 517 350 583; x_wconf 92' lang='lat' dir='ltr'>ei</span> <span class='ocrx_word' id='word_1_7' title='bbox 374 541 395 583; x_wconf 88' lang='lat' dir='ltr'>a</span> <span class='ocrx_word' id='word_1_8' title='bbox 417 539 595 604; x_wconf 78' lang='lat' dir='ltr'>possessore</span> <span class='ocrx_word' id='word_1_9' title='bbox 618 518 802 584; x_wconf 85' lang='lat' dir='ltr'>cauendum</span> <span class='ocrx_word' id='word_1_10' title='bbox 824 526 882 597; x_wconf 87' lang='lat' dir='ltr'>est,</span> <span class='ocrx_word' id='word_1_11' title='bbox 905 518 991 603; x_wconf 92' lang='lat' dir='ltr'>quod</span> <span class='ocrx_word' id='word_1_12' title='bbox 1014 540 1079 582; x_wconf 91' lang='lat' dir='ltr'>non</span> <span class='ocrx_word' id='word_1_13' title='bbox 1101 519 1144 583; x_wconf 89' lang='lat' dir='ltr'>sit</span> <span class='ocrx_word' id='word_1_14' title='bbox 1165 541 1238 606; x_wconf 91' lang='lat' dir='ltr'>pro-</span> 
     </span>
     <span class='ocr_line' id='line_1_3' title="bbox 231 615 1237 709; baseline 0.001 -22"><span class='ocrx_word' id='word_1_15' title='bbox 231 623 395 690; x_wconf 90' lang='lat' dir='ltr'>hibiturus</span> <span class='ocrx_word' id='word_1_16' title='bbox 409 623 474 688; x_wconf 90' lang='lat' dir='ltr'>frui</span> <span class='ocrx_word' id='word_1_17' title='bbox 489 645 564 689; x_wconf 91' lang='lat' dir='ltr'>eum</span> <span class='ocrx_word' id='word_1_18' title='bbox 579 622 632 689; x_wconf 90' lang='lat' dir='ltr'>cui</span> <span class='ocrx_word' id='word_1_19' title='bbox 646 645 724 688; x_wconf 88' lang='lat' dir='ltr'>usus</span> <span class='ocrx_word' id='word_1_20' title='bbox 738 624 866 688; x_wconf 85' lang='lat' dir='ltr'>fructus</span> <span class='ocrx_word' id='word_1_21' title='bbox 875 615 1007 689; x_wconf 87' lang='lat' dir='ltr'>relictus</span> <span class='ocrx_word' id='word_1_22' title='bbox 1022 623 1237 709; x_wconf 86' lang='lat' dir='ltr'>estquamdiu</span> 
     </span>
     <span class='ocr_line' id='line_1_4' title="bbox 232 723 1308 816; baseline 0 -26"><span class='ocrx_word' id='word_1_23' title='bbox 232 726 273 790; x_wconf 92' lang='lat' dir='ltr'>de</span> <span class='ocrx_word' id='word_1_24' title='bbox 288 725 359 791; x_wconf 88' lang='lat' dir='ltr'>iure</span> <span class='ocrx_word' id='word_1_25' title='bbox 373 747 432 791; x_wconf 90' lang='lat' dir='ltr'>suo</span> <span class='ocrx_word' id='word_1_26' title='bbox 447 725 570 811; x_wconf 83' lang='lat' dir='ltr'>probet</span> <span class='ocrx_word' id='word_1_27' title='bbox 614 725 681 791; x_wconf 86' lang='lat' dir='ltr'>Sed</span> <span class='ocrx_word' id='word_1_28' title='bbox 701 725 730 789; x_wconf 94' lang='lat' dir='ltr'>si</span> <span class='ocrx_word' id='word_1_29' title='bbox 749 725 812 812; x_wconf 88' lang='lat' dir='ltr'>ipsi</span> <span class='ocrx_word' id='word_1_30' title='bbox 831 724 1072 816; x_wconf 79' lang='lat' dir='ltr'>usufructuario</span> <span class='ocrx_word' id='word_1_31' title='bbox 1089 723 1237 810; x_wconf 79' lang='lat' dir='ltr'>quaestio</span> <span class='ocrx_word' id='word_1_32' title='bbox 1307 793 1308 797; x_wconf 62' lang='grc'>,</span> 
     </span>
     <span class='ocr_line' id='line_1_5' title="bbox 232 826 1237 905; baseline 0 -13"><span class='ocrx_word' id='word_1_33' title='bbox 232 836 413 905; x_wconf 88' lang='lat' dir='ltr'>moueatur,</span> <span class='ocrx_word' id='word_1_34' title='bbox 443 828 576 893; x_wconf 88' lang='lat' dir='ltr'>interim</span> <span class='ocrx_word' id='word_1_35' title='bbox 606 850 684 894; x_wconf 89' lang='lat' dir='ltr'>usus</span> <span class='ocrx_word' id='word_1_36' title='bbox 713 828 838 894; x_wconf 81' lang='lat' dir='ltr'>fructus</span> <span class='ocrx_word' id='word_1_37' title='bbox 864 828 935 900; x_wconf 89' lang='lat' dir='ltr'>eius</span> <span class='ocrx_word' id='word_1_38' title='bbox 949 883 950 886; x_wconf 19' lang='grc' dir='ltr'>ι</span> <span class='ocrx_word' id='word_1_39' title='bbox 964 826 1148 894; x_wconf 86' lang='lat' dir='ltr'>differtur¹:</span> <span class='ocrx_word' id='word_1_40' title='bbox 1179 829 1237 893; x_wconf 90' lang='lat' dir='ltr'>sed</span> 
     </span>
     <span class='ocr_line' id='line_1_6' title="bbox 232 922 1238 1018; baseline 0 -22"><span class='ocrx_word' id='word_1_41' title='bbox 232 953 348 996; x_wconf 86' lang='lat' dir='ltr'>cauere</span> <span class='ocrx_word' id='word_1_42' title='bbox 363 932 394 997; x_wconf 91' lang='lat' dir='ltr'>ei</span> <span class='ocrx_word' id='word_1_43' title='bbox 409 931 509 998; x_wconf 89' lang='lat' dir='ltr'>debet</span> <span class='ocrx_word' id='word_1_44' title='bbox 523 931 564 997; x_wconf 93' lang='lat' dir='ltr'>de</span> <span class='ocrx_word' id='word_1_45' title='bbox 578 922 795 998; x_wconf 75' lang='lat' dir='ltr'>restituendo²</span> <span class='ocrx_word' id='word_1_46' title='bbox 807 928 847 997; x_wconf 88' lang='lat' dir='ltr'>eo</span> <span class='ocrx_word' id='word_1_47' title='bbox 862 932 949 1018; x_wconf 88' lang='lat' dir='ltr'>quod</span> <span class='ocrx_word' id='word_1_48' title='bbox 963 955 1004 997; x_wconf 88' lang='lat' dir='ltr'>ex</span> <span class='ocrx_word' id='word_1_49' title='bbox 1019 931 1071 997; x_wconf 86' lang='lat' dir='ltr'>his</span> <span class='ocrx_word' id='word_1_50' title='bbox 1079 931 1238 997; x_wconf 89' lang='lat' dir='ltr'>fructibus</span> 
     </span>
     <span class='ocr_line' id='line_1_7' title="bbox 231 1033 1238 1120; baseline 0 -22"><span class='ocrx_word' id='word_1_51' title='bbox 231 1042 445 1120; x_wconf 88' lang='lat' dir='ltr'>percepturus</span> <span class='ocrx_word' id='word_1_52' title='bbox 468 1042 527 1113; x_wconf 87' lang='lat' dir='ltr'>est,</span> <span class='ocrx_word' id='word_1_53' title='bbox 551 1033 606 1100; x_wconf 87' lang='lat' dir='ltr'>uel</span> <span class='ocrx_word' id='word_1_54' title='bbox 628 1034 655 1103; x_wconf 90' lang='lat' dir='ltr'>si</span> <span class='ocrx_word' id='word_1_55' title='bbox 677 1033 756 1100; x_wconf 89' lang='lat' dir='ltr'>satis</span> <span class='ocrx_word' id='word_1_56' title='bbox 777 1056 843 1098; x_wconf 90' lang='lat' dir='ltr'>non</span> <span class='ocrx_word' id='word_1_57' title='bbox 865 1035 969 1113; x_wconf 91' lang='lat' dir='ltr'>detur,</span> <span class='ocrx_word' id='word_1_58' title='bbox 989 1034 1058 1120; x_wconf 91' lang='lat' dir='ltr'>ipse</span> <span class='ocrx_word' id='word_1_59' title='bbox 1080 1034 1144 1099; x_wconf 90' lang='lat' dir='ltr'>frui</span> <span class='ocrx_word' id='word_1_60' title='bbox 1165 1056 1238 1120; x_wconf 91' lang='lat' dir='ltr'>per·</span> 
     </span>
     <span class='ocr_line' id='line_1_8' title="bbox 232 1138 385 1204; baseline 0 0"><span class='ocrx_word' id='word_1_61' title='bbox 232 1138 385 1204; x_wconf 75' lang='lat' dir='ltr'>mittitur.</span> 
     </span>
    </p>

    <p class='ocr_par' dir='ltr' id='par_1_3' title="bbox 58 1229 1401 1328">
     <span class='ocr_line' id='line_1_9' title="bbox 58 1229 1401 1328; baseline -0.002 -23"><span class='ocrx_word' id='word_1_62' title='bbox 58 1229 212 1322; x_wconf 61' lang='lat' dir='ltr'>Factam</span> <span class='ocrx_word' id='word_1_63' title='bbox 297 1241 570 1308; x_wconf 88' lang='lat' dir='ltr'>Usufructuarius</span> <span class='ocrx_word' id='word_1_64' title='bbox 591 1263 715 1307; x_wconf 90' lang='lat' dir='ltr'>nouum</span> <span class='ocrx_word' id='word_1_65' title='bbox 731 1242 841 1306; x_wconf 89' lang='lat' dir='ltr'>riuum</span> <span class='ocrx_word' id='word_1_66' title='bbox 856 1242 1035 1328; x_wconf 88' lang='lat' dir='ltr'>parietibus</span> <span class='ocrx_word' id='word_1_67' title='bbox 1049 1263 1114 1307; x_wconf 93' lang='lat' dir='ltr'>non</span> <span class='ocrx_word' id='word_1_68' title='bbox 1130 1250 1239 1328; x_wconf 91' lang='lat' dir='ltr'>potest</span> <span class='ocrx_word' id='word_1_69' title='bbox 1251 1259 1301 1303; x_wconf 79' lang='lat' dir='ltr'>er.</span> <span class='ocrx_word' id='word_1_70' title='bbox 1330 1253 1401 1303; x_wconf 74' lang='lat' dir='ltr'>Nm·</span> 
     </span>
    </p>

    <p class='ocr_par' dir='ltr' id='par_1_4' title="bbox 58 1330 1375 1849">
     <span class='ocr_line' id='line_1_10' title="bbox 58 1330 1375 1450; baseline -0.001 -37"><span class='ocrx_word' id='word_1_71' title='bbox 58 1330 180 1450; x_wconf 56' lang='lat' dir='ltr'>ssffl‘</span> <span class='ocrx_word' id='word_1_72' title='bbox 230 1346 396 1434; x_wconf 89' lang='lat' dir='ltr'>inponere.</span> <span class='ocrx_word' id='word_1_73' title='bbox 439 1346 638 1412; x_wconf 85' lang='lat' dir='ltr'>Aedificium</span> <span class='ocrx_word' id='word_1_74' title='bbox 653 1347 844 1414; x_wconf 88' lang='lat' dir='ltr'>inchoatum</span> <span class='ocrx_word' id='word_1_75' title='bbox 858 1347 1075 1412; x_wconf 87' lang='lat' dir='ltr'>fructuarium</span> <span class='ocrx_word' id='word_1_76' title='bbox 1088 1369 1237 1412; x_wconf 87' lang='lat' dir='ltr'>consum·</span> <span class='ocrx_word' id='word_1_77' title='bbox 1249 1332 1375 1446; x_wconf 43' lang='lat' dir='ltr'>Qus,</span> 
     </span>
     <span class='ocr_line' id='line_1_11' title="bbox 231 1451 1281 1538; baseline 0.001 -22"><span class='ocrx_word' id='word_1_78' title='bbox 231 1473 321 1518; x_wconf 84' lang='lat' dir='ltr'>mare</span> <span class='ocrx_word' id='word_1_79' title='bbox 344 1474 411 1518; x_wconf 91' lang='lat' dir='ltr'>non</span> <span class='ocrx_word' id='word_1_80' title='bbox 435 1474 529 1538; x_wconf 90' lang='lat' dir='ltr'>posse</span> <span class='ocrx_word' id='word_1_81' title='bbox 552 1452 670 1538; x_wconf 83' lang='lat' dir='ltr'>placet,</span> <span class='ocrx_word' id='word_1_82' title='bbox 691 1451 821 1518; x_wconf 89' lang='lat' dir='ltr'>etiarnsi</span> <span class='ocrx_word' id='word_1_83' title='bbox 833 1474 881 1534; x_wconf 71' lang='lat' dir='ltr'>⁴eo</span> <span class='ocrx_word' id='word_1_84' title='bbox 899 1452 969 1518; x_wconf 90' lang='lat' dir='ltr'>loco</span> <span class='ocrx_word' id='word_1_85' title='bbox 986 1452 1082 1518; x_wconf 82' lang='lat' dir='ltr'>aliter</span> <span class='ocrx_word' id='word_1_86' title='bbox 1099 1452 1152 1519; x_wconf 91' lang='lat' dir='ltr'>uti</span> <span class='ocrx_word' id='word_1_87' title='bbox 1171 1475 1238 1518; x_wconf 89' lang='lat' dir='ltr'>non</span> <span class='ocrx_word' id='word_1_88' title='bbox 1250 1461 1281 1500; x_wconf 86' lang='lat'>11·</span> 
     </span>
     <span class='ocr_line' id='line_1_12' title="bbox 230 1553 1348 1642; baseline 0 -22"><span class='ocrx_word' id='word_1_89' title='bbox 230 1555 343 1642; x_wconf 82' lang='lat' dir='ltr'>possit,</span> <span class='ocrx_word' id='word_1_90' title='bbox 363 1555 421 1620; x_wconf 91' lang='lat' dir='ltr'>sed</span> <span class='ocrx_word' id='word_1_91' title='bbox 444 1577 504 1620; x_wconf 91' lang='lat' dir='ltr'>nec</span> <span class='ocrx_word' id='word_1_92' title='bbox 526 1555 597 1620; x_wconf 88' lang='lat' dir='ltr'>eius</span> <span class='ocrx_word' id='word_1_93' title='bbox 620 1554 752 1640; x_wconf 91' lang='lat' dir='ltr'>quidem</span> <span class='ocrx_word' id='word_1_94' title='bbox 774 1576 870 1620; x_wconf 90' lang='lat' dir='ltr'>usum</span> <span class='ocrx_word' id='word_1_95' title='bbox 893 1555 1034 1620; x_wconf 91' lang='lat' dir='ltr'>fructum</span> <span class='ocrx_word' id='word_1_96' title='bbox 1056 1575 1145 1621; x_wconf 89' lang='lat' dir='ltr'>esse:</span> <span class='ocrx_word' id='word_1_97' title='bbox 1175 1555 1238 1620; x_wconf 89' lang='lat' dir='ltr'>nisi</span> <span class='ocrx_word' id='word_1_98' title='bbox 1346 1553 1348 1558; x_wconf 71' lang='grc'>’</span> 
     </span>
     <span class='ocr_line' id='line_1_13' title="bbox 230 1657 1286 1744; baseline 0.002 -21"><span class='ocrx_word' id='word_1_99' title='bbox 230 1659 266 1723; x_wconf 93' lang='lat' dir='ltr'>in</span> <span class='ocrx_word' id='word_1_100' title='bbox 287 1658 514 1723; x_wconf 88' lang='lat' dir='ltr'>constituendo</span> <span class='ocrx_word' id='word_1_101' title='bbox 536 1657 591 1723; x_wconf 91' lang='lat' dir='ltr'>uel</span> <span class='ocrx_word' id='word_1_102' title='bbox 612 1657 750 1744; x_wconf 83' lang='lat' dir='ltr'>legando</span> <span class='ocrx_word' id='word_1_103' title='bbox 771 1679 834 1723; x_wconf 89' lang='lat' dir='ltr'>usu</span> <span class='ocrx_word' id='word_1_104' title='bbox 848 1657 956 1724; x_wconf 88' lang='lat' dir='ltr'>fructu</span> <span class='ocrx_word' id='word_1_105' title='bbox 979 1659 1039 1724; x_wconf 90' lang='lat' dir='ltr'>hoc</span> <span class='ocrx_word' id='word_1_106' title='bbox 1053 1658 1239 1744; x_wconf 82' lang='lat' dir='ltr'>specialiter</span> <span class='ocrx_word' id='word_1_107' title='bbox 1282 1689 1286 1698; x_wconf 61' lang='grc'><em>’</em></span> 
     </span>
     <span class='ocr_line' id='line_1_14' title="bbox 232 1762 876 1849; baseline 0 -20"><span class='ocrx_word' id='word_1_108' title='bbox 232 1763 396 1830; x_wconf 86' lang='lat' dir='ltr'>adiectum</span> <span class='ocrx_word' id='word_1_109' title='bbox 412 1763 464 1842; x_wconf 88' lang='lat' dir='ltr'>sit,</span> <span class='ocrx_word' id='word_1_110' title='bbox 478 1771 518 1829; x_wconf 91' lang='lat' dir='ltr'>ut</span> <span class='ocrx_word' id='word_1_111' title='bbox 531 1772 709 1849; x_wconf 87' lang='lat' dir='ltr'>utrumque</span> <span class='ocrx_word' id='word_1_112' title='bbox 724 1762 755 1828; x_wconf 92' lang='lat' dir='ltr'>ei</span> <span class='ocrx_word' id='word_1_113' title='bbox 770 1762 876 1829; x_wconf 88' lang='lat' dir='ltr'>liceat.</span> 
     </span>
    </p>

    <p class='ocr_par' dir='ltr' id='par_1_5' title="bbox 214 1852 1400 3197">
     <span class='ocr_line' id='line_1_15' title="bbox 296 1852 1400 1934; baseline 0.001 -2"><span class='ocrx_word' id='word_1_114' title='bbox 296 1865 587 1934; x_wconf 87' lang='lat' dir='ltr'>Usufructuarium</span> <span class='ocrx_word' id='word_1_115' title='bbox 616 1866 730 1932; x_wconf 90' lang='lat' dir='ltr'>uenari</span> <span class='ocrx_word' id='word_1_116' title='bbox 753 1865 790 1930; x_wconf 89' lang='lat' dir='ltr'>in</span> <span class='ocrx_word' id='word_1_117' title='bbox 818 1865 957 1933; x_wconf 91' lang='lat' dir='ltr'>saltibus</span> <span class='ocrx_word' id='word_1_118' title='bbox 985 1869 1041 1933; x_wconf 90' lang='lat' dir='ltr'>uel</span> <span class='ocrx_word' id='word_1_119' title='bbox 1070 1867 1237 1934; x_wconf 86' lang='lat' dir='ltr'>montibus</span> <span class='ocrx_word' id='word_1_120' title='bbox 1251 1852 1302 1923; x_wconf 71' lang='lat'>⁸²⁵·</span> <span class='ocrx_word' id='word_1_121' title='bbox 1331 1857 1400 1922; x_wconf 70' lang='lat' dir='ltr'>&#39;rcr-</span> 
     </span>
     <span class='ocr_line' id='line_1_16' title="bbox 214 1952 1400 2068; baseline 0.001 -31"><span class='ocrx_word' id='word_1_122' title='bbox 214 1969 439 2058; x_wconf 88' lang='lat' dir='ltr'>possessionis</span> <span class='ocrx_word' id='word_1_123' title='bbox 458 1971 571 2057; x_wconf 50' lang='lat' dir='ltr'>‘probe</span> <span class='ocrx_word' id='word_1_124' title='bbox 606 1970 744 2040; x_wconf 87' lang='lat' dir='ltr'>dicitur:</span> <span class='ocrx_word' id='word_1_125' title='bbox 781 1993 842 2036; x_wconf 89' lang='lat' dir='ltr'>nec</span> <span class='ocrx_word' id='word_1_126' title='bbox 870 1993 986 2058; x_wconf 86' lang='lat' dir='ltr'>aprum</span> <span class='ocrx_word' id='word_1_127' title='bbox 1016 1980 1075 2038; x_wconf 88' lang='lat' dir='ltr'>aut</span> <span class='ocrx_word' id='word_1_128' title='bbox 1103 1995 1237 2038; x_wconf 89' lang='lat' dir='ltr'>ceruum</span> <span class='ocrx_word' id='word_1_129' title='bbox 1249 1952 1400 2068; x_wconf 52' lang='lat' dir='ltr'>ffigffi,</span> 
     </span>
     <span class='ocr_line' id='line_1_17' title="bbox 229 2072 1238 2160; baseline 0.003 -22"><span class='ocrx_word' id='word_1_130' title='bbox 229 2096 329 2159; x_wconf 91' lang='lat' dir='ltr'>quem</span> <span class='ocrx_word' id='word_1_131' title='bbox 350 2073 485 2160; x_wconf 89' lang='lat' dir='ltr'>ceperit·</span> <span class='ocrx_word' id='word_1_132' title='bbox 497 2072 665 2158; x_wconf 88' lang='lat' dir='ltr'>proprium</span> <span class='ocrx_word' id='word_1_133' title='bbox 680 2072 804 2156; x_wconf 84' lang='lat' dir='ltr'>domini</span> <span class='ocrx_word' id='word_1_134' title='bbox 827 2074 924 2160; x_wconf 86' lang='lat' dir='ltr'>capit,</span> <span class='ocrx_word' id='word_1_135' title='bbox 946 2073 1003 2140; x_wconf 90' lang='lat' dir='ltr'>sed</span> <span class='ocrx_word' id='word_1_136' title='bbox 1025 2081 1083 2140; x_wconf 88' lang='lat' dir='ltr'>aut</span> <span class='ocrx_word' id='word_1_137' title='bbox 1097 2074 1238 2141; x_wconf 81' lang='lat' dir='ltr'>fructus⁸</span> 
     </span>
     <span class='ocr_line' id='line_1_18' title="bbox 229 2175 1265 2264; baseline 0.003 -22"><span class='ocrx_word' id='word_1_138' title='bbox 229 2177 301 2243; x_wconf 89' lang='lat' dir='ltr'>iure</span> <span class='ocrx_word' id='word_1_139' title='bbox 316 2187 375 2244; x_wconf 90' lang='lat' dir='ltr'>aut</span> <span class='ocrx_word' id='word_1_140' title='bbox 389 2177 538 2264; x_wconf 86' lang='lat' dir='ltr'>gentium</span> <span class='ocrx_word' id='word_1_141' title='bbox 553 2177 732 2244; x_wconf 85' lang='lat' dir='ltr'>suosfaoit.</span> <span class='ocrx_word' id='word_1_142' title='bbox 779 2175 817 2244; x_wconf 85' lang='lat' dir='ltr'>Si</span> <span class='ocrx_word' id='word_1_143' title='bbox 832 2177 968 2244; x_wconf 90' lang='lat' dir='ltr'>uiuariis</span> <span class='ocrx_word' id='word_1_144' title='bbox 987 2179 1130 2245; x_wconf 83' lang='lat' dir='ltr'>inclusae</span> <span class='ocrx_word' id='word_1_145' title='bbox 1150 2181 1237 2245; x_wconf 89' lang='lat' dir='ltr'>ferae</span> <span class='ocrx_word' id='word_1_146' title='bbox 1250 2187 1265 2235; x_wconf 93' lang='lat'>1</span> 
     </span>
     <span class='ocr_line' id='line_1_19' title="bbox 229 2279 1238 2368; baseline 0.004 -24"><span class='ocrx_word' id='word_1_147' title='bbox 229 2279 266 2346; x_wconf 90' lang='lat' dir='ltr'>in</span> <span class='ocrx_word' id='word_1_148' title='bbox 292 2303 330 2348; x_wconf 90' lang='lat' dir='ltr'>ea</span> <span class='ocrx_word' id='word_1_149' title='bbox 353 2280 552 2368; x_wconf 83' lang='lat' dir='ltr'>possessione</span> <span class='ocrx_word' id='word_1_150' title='bbox 567 2280 841 2359; x_wconf 83' lang='lat' dir='ltr'>custodiebantur,</span> <span class='ocrx_word' id='word_1_151' title='bbox 864 2281 992 2366; x_wconf 90' lang='lat' dir='ltr'>quando</span> <span class='ocrx_word' id='word_1_152' title='bbox 1013 2304 1091 2348; x_wconf 90' lang='lat' dir='ltr'>usus</span> <span class='ocrx_word' id='word_1_153' title='bbox 1113 2284 1238 2348; x_wconf 88' lang='lat' dir='ltr'>fructus</span> 
     </span>
     <span class='ocr_line' id='line_1_20' title="bbox 228 2385 1238 2474; baseline 0.002 -24"><span class='ocrx_word' id='word_1_154' title='bbox 228 2385 346 2471; x_wconf 85' lang='lat' dir='ltr'>eoepit,</span> <span class='ocrx_word' id='word_1_155' title='bbox 375 2407 456 2450; x_wconf 90' lang='lat' dir='ltr'>num</span> <span class='ocrx_word' id='word_1_156' title='bbox 486 2405 634 2450; x_wconf 85' lang='lat' dir='ltr'>exercere</span> <span class='ocrx_word' id='word_1_157' title='bbox 659 2406 715 2449; x_wconf 86' lang='lat' dir='ltr'>eas</span> <span class='ocrx_word' id='word_1_158' title='bbox 737 2385 935 2474; x_wconf 75' lang='lat' dir='ltr'>fructuarius</span> <span class='ocrx_word' id='word_1_159' title='bbox 959 2387 1069 2472; x_wconf 87' lang='lat' dir='ltr'>possit,</span> <span class='ocrx_word' id='word_1_160' title='bbox 1093 2387 1238 2452; x_wconf 89' lang='lat' dir='ltr'>occidere</span> 
     </span>
     <span class='ocr_line' id='line_1_21' title="bbox 230 2487 1239 2575; baseline 0.003 -22"><span class='ocrx_word' id='word_1_161' title='bbox 230 2511 297 2554; x_wconf 93' lang='lat' dir='ltr'>non</span> <span class='ocrx_word' id='word_1_162' title='bbox 321 2489 447 2575; x_wconf 71' lang='lat' dir='ltr'>possiti</span> <span class='ocrx_word' id='word_1_163' title='bbox 476 2489 557 2555; x_wconf 89' lang='lat' dir='ltr'>alias</span> <span class='ocrx_word' id='word_1_164' title='bbox 583 2487 712 2573; x_wconf 84' lang='lat' dir='ltr'>siquas</span> <span class='ocrx_word' id='word_1_165' title='bbox 735 2487 832 2554; x_wconf 89' lang='lat' dir='ltr'>initio</span> <span class='ocrx_word' id='word_1_166' title='bbox 853 2489 1021 2554; x_wconf 86' lang='lat' dir='ltr'>incluserit</span> <span class='ocrx_word' id='word_1_167' title='bbox 1043 2491 1154 2575; x_wconf 90' lang='lat' dir='ltr'>operis</span> <span class='ocrx_word' id='word_1_168' title='bbox 1171 2492 1239 2556; x_wconf 91' lang='lat' dir='ltr'>suis</span> 
     </span>
     <span class='ocr_line' id='line_1_22' title="bbox 229 2589 1236 2677; baseline 0.002 -22"><span class='ocrx_word' id='word_1_169' title='bbox 229 2590 286 2655; x_wconf 91' lang='lat' dir='ltr'>uel</span> <span class='ocrx_word' id='word_1_170' title='bbox 308 2599 391 2676; x_wconf 87' lang='lat' dir='ltr'>post,</span> <span class='ocrx_word' id='word_1_171' title='bbox 415 2590 486 2655; x_wconf 89' lang='lat' dir='ltr'>siue</span> <span class='ocrx_word' id='word_1_172' title='bbox 507 2589 558 2655; x_wconf 80' lang='lat' dir='ltr'>et⁴</span> <span class='ocrx_word' id='word_1_173' title='bbox 579 2590 670 2676; x_wconf 85' lang='lat' dir='ltr'>ipsae</span> <span class='ocrx_word' id='word_1_174' title='bbox 694 2589 868 2655; x_wconf 86' lang='lat' dir='ltr'>inciderint</span> <span class='ocrx_word' id='word_1_175' title='bbox 892 2590 1085 2677; x_wconf 89' lang='lat' dir='ltr'>delapsaeue</span> <span class='ocrx_word' id='word_1_176' title='bbox 1104 2593 1236 2668; x_wconf 88' lang='lat' dir='ltr'>fuerint,</span> 
     </span>
     <span class='ocr_line' id='line_1_23' title="bbox 230 2693 1238 2782; baseline 0.002 -24"><span class='ocrx_word' id='word_1_177' title='bbox 230 2694 293 2762; x_wconf 87' lang='lat' dir='ltr'>hae</span> <span class='ocrx_word' id='word_1_178' title='bbox 306 2693 478 2762; x_wconf 82' lang='lat' dir='ltr'>fructuarii</span> <span class='ocrx_word' id='word_1_179' title='bbox 496 2693 576 2759; x_wconf 88' lang='lat' dir='ltr'>iuris</span> <span class='ocrx_word' id='word_1_180' title='bbox 595 2694 685 2759; x_wconf 74' lang='lat' dir='ltr'>sint?</span> <span class='ocrx_word' id='word_1_181' title='bbox 714 2693 972 2759; x_wconf 87' lang='lat' dir='ltr'>commodissime</span> <span class='ocrx_word' id='word_1_182' title='bbox 987 2703 1107 2772; x_wconf 88' lang='lat' dir='ltr'>tamen,</span> <span class='ocrx_word' id='word_1_183' title='bbox 1122 2719 1164 2762; x_wconf 89' lang='lat' dir='ltr'>ne</span> <span class='ocrx_word' id='word_1_184' title='bbox 1179 2719 1238 2782; x_wconf 90' lang='lat' dir='ltr'>per</span> 
     </span>
     <span class='ocr_line' id='line_1_24' title="bbox 231 2797 1314 2885; baseline 0 -21"><span class='ocrx_word' id='word_1_185' title='bbox 231 2798 360 2885; x_wconf 84' lang='lat' dir='ltr'>singula</span> <span class='ocrx_word' id='word_1_186' title='bbox 378 2797 535 2864; x_wconf 82' lang='lat' dir='ltr'>animalia</span> <span class='ocrx_word' id='word_1_187' title='bbox 555 2797 721 2863; x_wconf 87' lang='lat' dir='ltr'>facultatis</span> <span class='ocrx_word' id='word_1_188' title='bbox 738 2797 908 2862; x_wconf 83' lang='lat' dir='ltr'>fructuarii</span> <span class='ocrx_word' id='word_1_189' title='bbox 927 2806 1059 2884; x_wconf 89' lang='lat' dir='ltr'>propter</span> <span class='ocrx_word' id='word_1_190' title='bbox 1073 2799 1238 2865; x_wconf 84' lang='lat' dir='ltr'>discretio·</span> <span class='ocrx_word' id='word_1_191' title='bbox 1313 2797 1314 2802; x_wconf 66' lang='grc'>’</span> 
     </span>
     <span class='ocr_line' id='line_1_25' title="bbox 231 2895 1238 2989; baseline 0 -27"><span class='ocrx_word' id='word_1_192' title='bbox 231 2912 308 2962; x_wconf 82' lang='lat' dir='ltr'>nem</span> <span class='ocrx_word' id='word_1_193' title='bbox 322 2897 488 2971; x_wconf 84' lang='lat' dir='ltr'>difficilem</span> <span class='ocrx_word' id='word_1_194' title='bbox 509 2895 562 2961; x_wconf 89' lang='lat' dir='ltr'>ius</span> <span class='ocrx_word' id='word_1_195' title='bbox 575 2895 736 2961; x_wconf 90' lang='lat' dir='ltr'>incertum</span> <span class='ocrx_word' id='word_1_196' title='bbox 759 2895 812 2973; x_wconf 91' lang='lat' dir='ltr'>sit,</span> <span class='ocrx_word' id='word_1_197' title='bbox 834 2896 953 2989; x_wconf 88' lang='lat' dir='ltr'>sufficit</span> <span class='ocrx_word' id='word_1_198' title='bbox 968 2897 1108 2962; x_wconf 90' lang='lat' dir='ltr'>eundem</span> <span class='ocrx_word' id='word_1_199' title='bbox 1123 2919 1238 2962; x_wconf 89' lang='lat' dir='ltr'>nume·</span> 
     </span>
     <span class='ocr_line' id='line_1_26' title="bbox 230 2991 1266 3089; baseline 0.001 -23"><span class='ocrx_word' id='word_1_200' title='bbox 230 3023 304 3066; x_wconf 91' lang='lat' dir='ltr'>rum</span> <span class='ocrx_word' id='word_1_201' title='bbox 318 3023 377 3089; x_wconf 89' lang='lat' dir='ltr'>per</span> <span class='ocrx_word' id='word_1_202' title='bbox 390 2999 519 3088; x_wconf 89' lang='lat' dir='ltr'>singula</span> <span class='ocrx_word' id='word_1_203' title='bbox 527 3021 656 3087; x_wconf 93' lang='lat' dir='ltr'>quoque</span> <span class='ocrx_word' id='word_1_204' title='bbox 670 3019 790 3086; x_wconf 86' lang='lat' dir='ltr'>genera</span> <span class='ocrx_word' id='word_1_205' title='bbox 803 2999 944 3066; x_wconf 85' lang='lat' dir='ltr'>ferarum</span> <span class='ocrx_word' id='word_1_206' title='bbox 954 2995 1238 3068; x_wconf 48' lang='lat' dir='ltr'>finito‘usu‘fructu</span> <span class='ocrx_word' id='word_1_207' title='bbox 1264 2991 1266 2996; x_wconf 39' lang='lat'><strong>¹</strong></span> 
     </span>
     <span class='ocr_line' id='line_1_27' title="bbox 231 3101 1238 3197; baseline -0.003 -23"><span class='ocrx_word' id='word_1_208' title='bbox 231 3107 363 3174; x_wconf 90' lang='lat' dir='ltr'>domino</span> <span class='ocrx_word' id='word_1_209' title='bbox 391 3103 600 3192; x_wconf 88' lang='lat' dir='ltr'>proprietatis</span> <span class='ocrx_word' id='word_1_210' title='bbox 628 3103 807 3189; x_wconf 83' lang='lat' dir='ltr'>adsignare,</span> <span class='ocrx_word' id='word_1_211' title='bbox 836 3104 895 3190; x_wconf 92' lang='lat' dir='ltr'>qui</span> <span class='ocrx_word' id='word_1_212' title='bbox 913 3101 991 3170; x_wconf 77' lang='lat' dir='ltr'>&#39;fuis</span> <span class='ocrx_word' id='word_1_213' title='bbox 1023 3105 1131 3192; x_wconf 89' lang='lat' dir='ltr'>coepti</span> <span class='ocrx_word' id='word_1_214' title='bbox 1159 3128 1238 3197; x_wconf 87' lang='lat' dir='ltr'>usus</span> 
     </span>
    </p>

    <p class='ocr_par' dir='ltr' id='par_1_6' title="bbox 62 3211 1421 3898">
     <span class='ocr_line' id='line_1_28' title="bbox 155 3211 857 3294; baseline 0 -19"><span class='ocrx_word' id='word_1_215' title='bbox 155 3248 159 3255; x_wconf 97' lang='lat'>-</span> <span class='ocrx_word' id='word_1_216' title='bbox 231 3211 356 3276; x_wconf 86' lang='lat' dir='ltr'>fructus</span> <span class='ocrx_word' id='word_1_217' title='bbox 377 3216 534 3294; x_wconf 81' lang='lat' dir='ltr'>tempore.</span> <span class='ocrx_word' id='word_1_218' title='bbox 854 3215 857 3223; x_wconf 82' lang='lat'>&#39;</span> 
     </span>
     <span class='ocr_line' id='line_1_29' title="bbox 68 3311 1396 3398; baseline -0.005 -17"><span class='ocrx_word' id='word_1_219' title='bbox 68 3331 192 3395; x_wconf 74' lang='lat' dir='ltr'>Umsnor</span> <span class='ocrx_word' id='word_1_220' title='bbox 297 3311 395 3392; x_wconf 80' lang='lat' dir='ltr'>Quod</span> <span class='ocrx_word' id='word_1_221' title='bbox 427 3319 575 3376; x_wconf 89' lang='lat' dir='ltr'>nostrum</span> <span class='ocrx_word' id='word_1_222' title='bbox 608 3319 769 3398; x_wconf 86' lang='lat' dir='ltr'>nonest,</span> <span class='ocrx_word' id='word_1_223' title='bbox 802 3311 1036 3376; x_wconf 87' lang='lat' dir='ltr'>transferemus</span> <span class='ocrx_word' id='word_1_224' title='bbox 1065 3311 1107 3376; x_wconf 86' lang='lat' dir='ltr'>ad</span> <span class='ocrx_word' id='word_1_225' title='bbox 1136 3311 1301 3380; x_wconf 64' lang='lat' dir='ltr'>aliosaes.</span> <span class='ocrx_word' id='word_1_226' title='bbox 1314 3326 1396 3376; x_wconf 73' lang='lat' dir='ltr'>Prun-</span> 
     </span>
     <span class='ocr_line' id='line_1_30' title="bbox 62 3393 1399 3520; baseline -0.001 -37"><span class='ocrx_word' id='word_1_227' title='bbox 62 3397 206 3512; x_wconf 43' lang='lat' dir='ltr'>{rssfflp</span> <span class='ocrx_word' id='word_1_228' title='bbox 232 3403 382 3482; x_wconf 86' lang='lat' dir='ltr'>ueluti-is</span> <span class='ocrx_word' id='word_1_229' title='bbox 400 3416 459 3502; x_wconf 92' lang='lat' dir='ltr'>qui</span> <span class='ocrx_word' id='word_1_230' title='bbox 480 3416 619 3486; x_wconf 91' lang='lat' dir='ltr'>fundum</span> <span class='ocrx_word' id='word_1_231' title='bbox 634 3415 743 3496; x_wconf 90' lang='lat' dir='ltr'>habet,</span> <span class='ocrx_word' id='word_1_232' title='bbox 762 3437 962 3501; x_wconf 88' lang='lat' dir='ltr'>quamquam</span> <span class='ocrx_word' id='word_1_233' title='bbox 976 3439 1073 3482; x_wconf 90' lang='lat' dir='ltr'>usum</span> <span class='ocrx_word' id='word_1_234' title='bbox 1094 3415 1237 3482; x_wconf 90' lang='lat' dir='ltr'>fructum</span> <span class='ocrx_word' id='word_1_235' title='bbox 1250 3393 1399 3520; x_wconf 59' lang='lat' dir='ltr'>idilngu-</span> 
     </span>
     <span class='ocr_line' id='line_1_31' title="bbox 232 3518 1421 3605; baseline -0.001 -20"><span class='ocrx_word' id='word_1_236' title='bbox 232 3541 298 3585; x_wconf 92' lang='lat' dir='ltr'>non</span> <span class='ocrx_word' id='word_1_237' title='bbox 312 3518 441 3597; x_wconf 86' lang='lat' dir='ltr'>habeat,</span> <span class='ocrx_word' id='word_1_238' title='bbox 460 3527 573 3584; x_wconf 80' lang='lat' dir='ltr'>temen</span> <span class='ocrx_word' id='word_1_239' title='bbox 587 3541 684 3583; x_wconf 88' lang='lat' dir='ltr'>usum</span> <span class='ocrx_word' id='word_1_240' title='bbox 703 3519 848 3584; x_wconf 85' lang='lat' dir='ltr'>fructum</span> <span class='ocrx_word' id='word_1_241' title='bbox 863 3518 975 3583; x_wconf 88' lang='lat' dir='ltr'>cedere</span> <span class='ocrx_word' id='word_1_242' title='bbox 989 3526 1105 3605; x_wconf 87' lang='lat' dir='ltr'>potest.</span> <span class='ocrx_word' id='word_1_243' title='bbox 1249 3523 1307 3574; x_wconf 77' lang='lat' dir='ltr'>lari.</span> <span class='ocrx_word' id='word_1_244' title='bbox 1419 3599 1421 3602; x_wconf 16' lang='grc' dir='ltr'>Ι</span> 
     </span>
     <span class='ocr_line' id='line_1_32' title="bbox 64 3622 1388 3708; baseline 0.004 -24"><span class='ocrx_word' id='word_1_245' title='bbox 64 3634 189 3699; x_wconf 73' lang='lat' dir='ltr'>Hrofar</span> <span class='ocrx_word' id='word_1_246' title='bbox 298 3623 385 3689; x_wconf 84' lang='lat' dir='ltr'>Oum</span> <span class='ocrx_word' id='word_1_247' title='bbox 413 3622 610 3688; x_wconf 88' lang='lat' dir='ltr'>fructuarius</span> <span class='ocrx_word' id='word_1_248' title='bbox 641 3630 775 3708; x_wconf 87' lang='lat' dir='ltr'>paratus</span> <span class='ocrx_word' id='word_1_249' title='bbox 805 3629 855 3686; x_wconf 90' lang='lat' dir='ltr'>est</span> <span class='ocrx_word' id='word_1_250' title='bbox 883 3643 980 3686; x_wconf 87' lang='lat' dir='ltr'>usum</span> <span class='ocrx_word' id='word_1_251' title='bbox 1009 3622 1151 3687; x_wconf 90' lang='lat' dir='ltr'>fructum</span> <span class='ocrx_word' id='word_1_252' title='bbox 1181 3623 1237 3689; x_wconf 91' lang='lat' dir='ltr'>de·</span> <span class='ocrx_word' id='word_1_253' title='bbox 1251 3632 1300 3677; x_wconf 77' lang='lat'>⁸⁴·</span> <span class='ocrx_word' id='word_1_254' title='bbox 1336 3624 1388 3674; x_wconf 61' lang='lat' dir='ltr'>Ub-</span> 
     </span>
     <span class='ocr_line' id='line_1_33' title="bbox 63 3689 1388 3828; baseline 0.002 -37"><span class='ocrx_word' id='word_1_255' title='bbox 63 3700 216 3828; x_wconf 41' lang='grc' dir='ltr'>βψω</span> <span class='ocrx_word' id='word_1_256' title='bbox 232 3724 423 3812; x_wconf 89' lang='lat' dir='ltr'>relinquere,</span> <span class='ocrx_word' id='word_1_257' title='bbox 437 3747 503 3790; x_wconf 95' lang='lat' dir='ltr'>non</span> <span class='ocrx_word' id='word_1_258' title='bbox 517 3733 567 3790; x_wconf 88' lang='lat' dir='ltr'>est</span> <span class='ocrx_word' id='word_1_259' title='bbox 586 3724 748 3810; x_wconf 85' lang='lat' dir='ltr'>cogendus</span> <span class='ocrx_word' id='word_1_260' title='bbox 763 3724 1053 3804; x_wconf 80' lang='lat' dir='ltr'>domum‘reficere‚</span> <span class='ocrx_word' id='word_1_261' title='bbox 1068 3725 1104 3790; x_wconf 92' lang='lat' dir='ltr'>in</span> <span class='ocrx_word' id='word_1_262' title='bbox 1119 3727 1237 3812; x_wconf 91' lang='lat' dir='ltr'>quibus</span> <span class='ocrx_word' id='word_1_263' title='bbox 1249 3689 1388 3808; x_wconf 51' lang='lat' dir='ltr'>ppppshpd</span> 
     </span>
     <span class='ocr_line' id='line_1_34' title="bbox 63 3827 1237 3898; baseline 0.003 -4"><span class='ocrx_word' id='word_1_264' title='bbox 63 3832 180 3894; x_wconf 64' lang='lat' dir='ltr'>aaaron.</span> <span class='ocrx_word' id='word_1_265' title='bbox 232 3829 359 3898; x_wconf 88' lang='lat' dir='ltr'>casibus</span> <span class='ocrx_word' id='word_1_266' title='bbox 383 3837 417 3894; x_wconf 91' lang='lat' dir='ltr'>et</span> <span class='ocrx_word' id='word_1_267' title='bbox 439 3828 678 3894; x_wconf 84' lang='lat' dir='ltr'>usufructuario</span> <span class='ocrx_word' id='word_1_268' title='bbox 704 3828 765 3894; x_wconf 90' lang='lat' dir='ltr'>hoc</span> <span class='ocrx_word' id='word_1_269' title='bbox 789 3847 875 3892; x_wconf 86' lang='lat' dir='ltr'>onus</span> <span class='ocrx_word' id='word_1_270' title='bbox 894 3827 1062 3897; x_wconf 90' lang='lat' dir='ltr'>incumbit.</span> <span class='ocrx_word' id='word_1_271' title='bbox 1113 3831 1237 3896; x_wconf 87' lang='lat' dir='ltr'>Sedet</span> 
     </span>
    </p>
   </div>
   <div class='ocr_carea' id='block_1_3' title="bbox 232 3924 1237 4022">
    <p class='ocr_par' dir='ltr' id='par_1_7' title="bbox 232 3924 1237 4022">
     <span class='ocr_line' id='line_1_35' title="bbox 232 3924 1237 4022; baseline 0.002 -22"><span class='ocrx_word' id='word_1_272' title='bbox 232 3943 304 4022; x_wconf 91' lang='lat' dir='ltr'>post</span> <span class='ocrx_word' id='word_1_273' title='bbox 322 3941 492 4020; x_wconf 83' lang='lat' dir='ltr'>acceptum</span> <span class='ocrx_word' id='word_1_274' title='bbox 514 3942 626 3999; x_wconf 87' lang='lat' dir='ltr'>contra</span> <span class='ocrx_word' id='word_1_275' title='bbox 648 3924 724 3998; x_wconf 89' lang='lat' dir='ltr'>eum</span> <span class='ocrx_word' id='word_1_276' title='bbox 746 3931 904 3997; x_wconf 90' lang='lat' dir='ltr'>iudicium</span> <span class='ocrx_word' id='word_1_277' title='bbox 926 3941 1045 4018; x_wconf 75' lang='lat' dir='ltr'>parato¹</span> <span class='ocrx_word' id='word_1_278' title='bbox 1060 3934 1237 4002; x_wconf 86' lang='lat' dir='ltr'>fructuario</span> 
     </span>
    </p>
   </div>
   <div class='ocr_carea' id='block_1_4' title="bbox 279 4136 815 4284">
    <p class='ocr_par' dir='ltr' id='par_1_8' title="bbox 279 4136 815 4284">
     <span class='ocr_line' id='line_1_36' title="bbox 279 4136 815 4195; baseline -0.004 -7"><span class='ocrx_word' id='word_1_279' title='bbox 279 4137 289 4170; x_wconf 90' lang='lat'>¹</span> <span class='ocrx_word' id='word_1_280' title='bbox 306 4137 351 4188; x_wconf 81' lang='lat' dir='ltr'>Sic</span> <span class='ocrx_word' id='word_1_281' title='bbox 362 4136 496 4186; x_wconf 75' lang='lat' dir='ltr'>Mammea</span> <span class='ocrx_word' id='word_1_282' title='bbox 507 4153 562 4186; x_wconf 82' lang='lat' dir='ltr'>cam</span> <span class='ocrx_word' id='word_1_283' title='bbox 572 4138 650 4195; x_wconf 61' lang='lat' dir='ltr'>dcem</span> <span class='ocrx_word' id='word_1_284' title='bbox 669 4136 776 4187; x_wconf 79' lang='lat' dir='ltr'>offertur</span> <span class='ocrx_word' id='word_1_285' title='bbox 784 4137 815 4186; x_wconf 81' lang='lat' dir='ltr'>F.</span> 
     </span>
     <span class='ocr_line' id='line_1_37' title="bbox 279 4211 706 4284; baseline 0.007 -23"><span class='ocrx_word' id='word_1_286' title='bbox 279 4212 290 4244; x_wconf 83' lang='lat'>²</span> <span class='ocrx_word' id='word_1_287' title='bbox 308 4211 387 4262; x_wconf 75' lang='lat' dir='ltr'>codd.</span> <span class='ocrx_word' id='word_1_288' title='bbox 399 4211 485 4264; x_wconf 85' lang='lat' dir='ltr'>caueri</span> <span class='ocrx_word' id='word_1_289' title='bbox 496 4211 527 4284; x_wconf 79' lang='lat' dir='ltr'>de</span> <span class='ocrx_word' id='word_1_290' title='bbox 537 4212 706 4264; x_wconf 85' lang='lat' dir='ltr'>restituendo.</span> 
     </span>
    </p>
   </div>
   <div class='ocr_carea' id='block_1_5' title="bbox 230 4294 1239 4438">
    <p class='ocr_par' dir='ltr' id='par_1_9' title="bbox 230 4294 1239 4438">
     <span class='ocr_line' id='line_1_38' title="bbox 278 4294 1239 4372; baseline 0.007 -28"><span class='ocrx_word' id='word_1_291' title='bbox 278 4295 289 4328; x_wconf 75' lang='lat'><strong>³</strong></span> <span class='ocrx_word' id='word_1_292' title='bbox 305 4296 349 4345; x_wconf 74' lang='lat' dir='ltr'>stc</span> <span class='ocrx_word' id='word_1_293' title='bbox 361 4295 513 4345; x_wconf 78' lang='lat' dir='ltr'>Mommsen:</span> <span class='ocrx_word' id='word_1_294' title='bbox 532 4295 631 4345; x_wconf 89' lang='lat' dir='ltr'>fructus</span> <span class='ocrx_word' id='word_1_295' title='bbox 644 4299 691 4356; x_wconf 85' lang='lat' dir='ltr'>aut</span> <span class='ocrx_word' id='word_1_296' title='bbox 706 4294 762 4346; x_wconf 87' lang='lat' dir='ltr'>iure</span> <span class='ocrx_word' id='word_1_297' title='bbox 768 4297 806 4354; x_wconf 55' lang='grc' dir='ltr'>ἢ·</span> <span class='ocrx_word' id='word_1_298' title='bbox 827 4295 1045 4348; x_wconf 85' lang='lat' dir='ltr'>fructusautiure</span> <span class='ocrx_word' id='word_1_299' title='bbox 1056 4297 1239 4372; x_wconf 79' lang='lat' dir='ltr'>ciuilialiquot</span> 
     </span>
     <span class='ocr_line' id='line_1_39' title="bbox 230 4377 1119 4438; baseline 0.002 -7"><span class='ocrx_word' id='word_1_300' title='bbox 230 4382 292 4431; x_wconf 79' lang='lat' dir='ltr'>dett.</span> <span class='ocrx_word' id='word_1_301' title='bbox 586 4378 597 4412; x_wconf 88' lang='lat'><strong>⁴</strong></span> <span class='ocrx_word' id='word_1_302' title='bbox 614 4377 670 4428; x_wconf 89' lang='lat' dir='ltr'>siue</span> <span class='ocrx_word' id='word_1_303' title='bbox 680 4381 706 4429; x_wconf 85' lang='lat' dir='ltr'>et</span> <span class='ocrx_word' id='word_1_304' title='bbox 717 4394 748 4430; x_wconf 75' lang='lat' dir='ltr'>er</span> <span class='ocrx_word' id='word_1_305' title='bbox 759 4393 813 4429; x_wconf 83' lang='lat' dir='ltr'>mec</span> <span class='ocrx_word' id='word_1_306' title='bbox 824 4381 889 4430; x_wconf 81' lang='lat' dir='ltr'>coni.</span> <span class='ocrx_word' id='word_1_307' title='bbox 894 4397 904 4438; x_wconf 92' lang='lat'>,·</span> <span class='ocrx_word' id='word_1_308' title='bbox 925 4379 1029 4430; x_wconf 83' lang='lat' dir='ltr'>sibimet</span> <span class='ocrx_word' id='word_1_309' title='bbox 1042 4383 1119 4434; x_wconf 82' lang='lat' dir='ltr'>Oodd.</span> 
     </span>
    </p>
   </div>
   <div class='ocr_carea' id='block_1_6' title="bbox 0 0 1558 5076">
    <p class='ocr_par' dir='ltr' id='par_1_10' title="bbox 0 0 1558 5076">
     <span class='ocr_line' id='line_1_40' title="bbox 0 0 1558 5076; baseline 0 0"><span class='ocrx_word' id='word_1_310' title='bbox 0 0 1558 5076; x_wconf 95' lang='lat' dir='ltr'> </span> 
     </span>
    </p>
   </div>
  </div>
 </body>
</html>
