3108 5076
186 2105 252 2168 Ripe
260 2118 318 2166 pro-

186 2173 249 2220 uoco
257 2171 339 2232 before
351 2193 402 2252 tat

186 2236 329 2299 potiremur.

346 376 365 438 1
724 369 934 456 irael-s
950 373 978 434 5.

346 535 476 604 etiamsi
505 533 540 598 in
569 533 647 618 fuga
677 554 790 598 seruus
819 532 871 608 sit,
896 531 967 617 pari
993 532 1119 598 ratione
1144 533 1245 598 etiam
1274 556 1351 598 usus

345 638 470 705 fructus
497 635 665 704 retinetur.
719 633 812 700 Idem
841 642 980 735 tractat:
1015 635 1103 720 quid,
1128 635 1157 700 si
1181 636 1256 721 quis
1280 650 1383 722 pos-4

328 740 523 810 ‚sessionem
547 739 616 806 eius
640 745 755 802 nactus
775 738 843 804 siti
870 761 922 814 an,
939 738 1215 823 quemadmodum
1238 762 1258 804 a
1279 763 1352 825 pro·

347 843 499 929 prietario
534 841 691 927 possideri
728 841 857 918 desinit,
895 842 944 906 ita
980 841 1080 908 etiam
1116 866 1196 928 usus
1230 845 1357 910 fructus

347 949 542 1014 amittetur?
582 955 616 1012 et
645 947 750 1032 primo
779 943 912 1032 quidem
941 947 989 1012 ait
1021 970 1114 1033 posse
1147 948 1213 1016 dici
1244 948 1357 1016 amitti

348 1071 444 1114 usum
469 1049 620 1125 fructum,
646 1047 701 1112 sed
724 1047 801 1112 licet
827 1048 1006 1126 amittatur,
1034 1057 1145 1114 tamen
1169 1049 1354 1132 dicendum,

350 1154 436 1239 quod
460 1152 547 1218 intra
569 1151 784 1218 constitutum
813 1160 944 1239 tempus
975 1174 1079 1218 exre
1105 1154 1273 1220 fructuarii
1297 1153 1356 1218 sti-

349 1258 482 1343 pulatus
497 1264 557 1333 est,
574 1256 752 1321 fructuario
768 1255 934 1342 adquiri¹:
963 1280 1022 1342 per
1036 1259 1123 1344 quod
1139 1259 1247 1345 colligi
1262 1282 1355 1346 posse

350 1361 423 1438 dici,
448 1383 490 1424 ne
515 1358 647 1444 quidem
673 1359 700 1423 si
726 1359 929 1443 possideatur
951 1361 992 1424 ab
1022 1361 1095 1440 alic,
1123 1361 1233 1426 amitti
1257 1385 1354 1426 usum

349 1465 503 1541 fructum,
530 1463 557 1526 si
586 1461 682 1526 modo
710 1461 793 1524 mihi
823 1462 946 1546 aliquid
981 1463 1165 1549 stipuletur,
1195 1465 1356 1550 paruique

350 1568 477 1646 referre,
493 1567 534 1630 ab
549 1565 668 1631 herede
683 1565 886 1650 possideatur
900 1565 955 1630 uel
971 1567 1013 1630 ab
1033 1566 1107 1643 alio,
1124 1567 1176 1632 cui
1191 1567 1355 1632 hereditas

349 1672 486 1737 uendita
509 1671 552 1736 sit
575 1671 630 1736 uel
656 1671 707 1735 cui
737 1669 915 1756 proprietas
941 1671 1050 1756 legata
1077 1673 1128 1749 sit,
1154 1696 1197 1737 an
1221 1697 1241 1738 a
1262 1696 1356 1758 prae-

350 1775 452 1839 done:
490 1773 635 1838 sufficere
662 1773 749 1838 enim
779 1773 820 1838 ad
850 1773 1057 1838 retinendum
1088 1797 1182 1839 usum
1212 1776 1355 1842 fructum

350 1899 418 1941 esse
433 1876 586 1940 affectum
601 1876 741 1940 retinere
760 1875 901 1940 uolentis
923 1884 957 1941 et
979 1899 1110 1942 seruum
1125 1877 1256 1943 nomine
1271 1879 1357 1942 fruc·

350 1979 449 2044 tuarii
464 1977 587 2062 aliquid
602 1977 724 2041 facere:
748 1999 831 2063 quae
847 1978 1010 2042 sententia
1024 1979 1125 2044 habet
1140 1979 1310 2044 rationem.

417 2081 565 2146 Iulianus
591 2081 673 2144 libro
695 2080 884 2165 trigessimo
907 2081 1023 2165 quinto
1049 2081 1249 2167 digestorum
1272 2091 1386 2153 trac-5

403 2239 410 2264 ,
441 2185 469 2249 11
498 2185 551 2248 fur
579 2184 775 2268 decerpserit
804 2184 859 2248 uel
889 2184 1069 2249 desecuerit
1094 2185 1218 2250 fructus
1247 2195 1354 2252 matu-

351 2312 401 2354 ros
427 2288 617 2374 pendentes
633 2286 685 2351 cui
707 2286 909 2351 condictione
928 2295 1089 2366 teneatur,
1109 2287 1240 2354 domino
1262 2290 1356 2354 fundi

337 2415 394 2485 an
419 2385 618 2455 fmctuariol
661 2398 695 2454 et
720 2397 825 2474 putat,
852 2391 1005 2475 quoniam
1034 2392 1159 2456 fructus
1182 2413 1247 2455 non
1271 2392 1358 2458 fiunt

351 2493 530 2571 fructuarii,
557 2493 620 2557 nisi
646 2493 687 2557 ab
713 2515 751 2557 eo
776 2493 1005 2578 percipiantur,
1024 2493 1101 2557 licet
1123 2493 1165 2558 ab
1188 2493 1252 2558 alio
1271 2503 1357 2560 terra

352 2607 550 2684 separentur,
565 2597 669 2683 magis
683 2597 894 2682 proprietario
912 2597 1150 2662 condictionem
1165 2607 1356 2683 competere,

352 2701 528 2765 fructuario
542 2709 653 2764 autem
672 2700 751 2764 furti
769 2699 937 2776 actionem,
953 2699 1106 2784 quoniam
1122 2699 1272 2765 interfuit
1287 2701 1357 2766 eius

352 2804 477 2868 fructus
492 2827 558 2868 non
574 2825 642 2868 esse
658 2803 790 2868 ablatos
827 2802 999 2866 Marcellus
1014 2810 1126 2867 autem
1142 2811 1296 2868 monetur
1310 2825 1357 2882 eo,

353 2908 449 2992 quod,
470 2907 497 2972 si
521 2915 633 2993 postea
655 2906 779 2970 fructus
800 2904 878 2970 istos
900 2914 1015 2968 nactus
1034 2905 1132 2970 fuerit
1154 2907 1357 2984 fructuarius,

353 3009 496 3074 fortassis
524 3009 606 3072 fiant
635 3007 723 3072 eius:
758 3029 835 3070 nam
866 3006 893 3070 si
922 3006 1016 3084 fiunt,
1046 3030 1111 3092 qua
1140 3007 1267 3073 ratione
1296 3009 1358 3073 1100
1460 3059 1463 3064 .

354 3114 491 3178 euenit?
521 3113 584 3178 nisi
611 3135 658 3190 ea,
684 3120 723 3177 ut
745 3111 878 3176 interim
902 3111 1018 3176 fierent
1043 3113 1257 3199 proprietarii,
1281 3137 1357 3178 mox

353 3217 548 3304 adprehensi
562 3216 731 3283 fructuarii
752 3215 955 3295 efficiantur²,
972 3217 1121 3302 exemplo
1140 3218 1188 3282 rei
1208 3219 1269 3282 sub
1283 3241 1358 3283 con·

355 3324 480 3390 dicione
510 3324 646 3408 legatae,
675 3345 758 3410 quae
787 3323 918 3387 interim
948 3323 1077 3388 heredis
1107 3333 1166 3403 cst,
1197 3325 1357 3390 existente

355 3436 467 3494 autern
496 3427 683 3492 condicione
713 3427 754 3491 ad
780 3427 972 3512 legatarium
999 3428 1137 3508 transit;
1165 3451 1281 3493 uerum
1309 3437 1359 3494 est

356 3530 444 3594 enim
456 3529 691 3594 condictionem
702 3537 883 3614 competere
898 3529 1117 3613 proprietariu
1148 3529 1232 3594 Oum
1246 3537 1358 3594 autem

355 3634 390 3698 in
405 3633 562 3718 pendenti
578 3640 628 3697 est
646 3632 837 3710 dominium,
853 3641 892 3696 ut
911 3633 981 3717 ipse
997 3633 1144 3698 Iulianus
1160 3633 1208 3698 ait
1223 3634 1273 3698 in⁸
1288 3635 1357 3700 fetu

356 3736 414 3824 qui
434 3736 653 3800 summittitur
670 3745 705 3801 et
727 3737 762 3800 in
785 3759 822 3800 eo
844 3737 929 3822 quod
950 3758 1062 3800 seruus
1084 3737 1280 3804 fructuarius
1302 3761 1360 3824 per

356 3839 565 3908 traditionem
580 3840 703 3925 accepit
723 3840 867 3905 nondum
888 3839 1020 3925 quidem
1041 3841 1146 3925 pretio
1167 3843 1281 3922 soluto,
1302 3845 1359 3908 sed

357 3951 468 4007 tamen
498 3941 540 4006 ab
570 3964 607 4006 eo
638 3943 810 4020 satisfacto,
840 3941 1013 4006 dicendum
1044 3951 1093 4008 est
1123 3944 1361 4011 condictionem

357 4045 522 4134 pendere⁴.

471 4216 598 4278 1odquiri
608 4219 693 4281 potest
707 4219 783 4268 Codri.
930 4217 1139 4269 2111111111111111.

471 4300 481 4332 ³
498 4301 577 4362 inque
588 4301 642 4352 fetu
653 4304 684 4360 F,
696 4318 726 4351 cr
738 4305 834 4352 incerta
847 4317 927 4352 110110.

472 4383 481 4414 ⁴
498 4383 601 4432 Addunt
614 4383 691 4431 Codri·
703 4382 834 4446 magisque
846 4381 875 4432 in
885 4381 1009 4445 pendenti
1020 4399 1074 4434 esse
1085 4383 1239 4434 dominium.
