3108 5076
483 360 485 366 ’
607 356 878 443 icosi-174,
1204 358 1245 419 25
1289 417 1290 421 s

241 521 496 599 summittantur,
533 520 721 585 fructuarii:
766 541 850 604 quae
879 517 1043 582 sententia
1076 540 1154 582 uera
1187 527 1245 584 est.

243 625 429 690 Secundum
462 647 555 712 quae,
585 625 612 688 si
641 624 815 688 decesserit
844 622 939 699 fetus,
969 621 1149 707 periculum
1181 622 1275 686 erite

241 729 418 808 fructuarii,
446 753 510 805 non
536 728 748 814 proprietarii,
780 735 814 791 et
838 748 967 791 necesse
1000 727 1138 792 habebit
1168 727 1247 791 alios

241 835 328 899 fetus
355 834 566 900 summittere.
613 831 713 898 Unde
737 829 842 897 Gaius
868 828 998 897 Cassius
1023 832 1106 896 libro
1132 840 1246 896 octauo

242 938 353 1003 scribit
375 960 502 1003 carnem
532 939 619 1003 fetus
644 935 806 1002 demortui
835 935 877 1000 ad
906 936 1119 1001 fructuarium
1146 936 1247 1021 perti·

242 1062 329 1106 nere.
363 1040 456 1107 'Sed
490 1041 578 1126 quod
611 1040 732 1106 dicitur
766 1039 883 1104 debere
919 1062 995 1104 eum
1029 1040 1275 1128 summitterer,

242 1145 362 1208 totiens
391 1167 506 1209 uerum
536 1152 594 1222 est,
624 1144 775 1230 quotiens
804 1143 910 1228 gregis
939 1143 994 1207 uel
1023 1143 1162 1207 armenti
1192 1142 1246 1207 uel
1367 1129 1369 1134 ¹

243 1247 368 1331 equitii,
389 1248 424 1311 id
447 1257 497 1312 est
519 1248 750 1324 uniuersitatis,
775 1268 854 1310 usus
878 1247 1003 1312 fructus
1028 1246 1156 1331 legatus
1180 1233 1247 1311 est:

244 1358 396 1428 ceterum,
412 1350 439 1414 si
454 1351 656 1436 singulorum
672 1351 825 1436 capitum,
840 1349 923 1413 nihil
938 1350 1114 1435 supplebit.
1159 1351 1246 1414 Item
1259 1365 1276 1413 4

127 1441 129 1446 ¹
244 1452 271 1517 si
286 1453 368 1518 forte
383 1462 591 1539 eotempore,
607 1477 671 1542 quo
685 1455 772 1519 fetus
787 1439 868 1517 editi
883 1462 969 1534 sunt,
984 1453 1068 1518 nihil
1083 1453 1146 1518 fuit
1161 1453 1247 1539 quod

244 1556 407 1621 summitti
421 1557 563 1636 deberet,
580 1578 665 1620 nunc
680 1557 745 1622 est²
761 1568 834 1644 post
854 1557 1050 1623 editionem:
1075 1565 1187 1622 utrum
1208 1578 1248 1621 ex

244 1661 397 1746 hisquae
419 1660 557 1725 edentur
578 1661 782 1726 summittere
804 1663 946 1741 debebit,
962 1685 1005 1727 an
1028 1684 1068 1727 ex
1090 1659 1141 1726 his
1164 1683 1247 1748 quae

246 1765 333 1830 edita
347 1773 433 1842 sunt,
448 1763 628 1831 uidendum
643 1773 700 1830 cst.
746 1765 831 1830 Puto
850 1775 961 1832 autem
976 1767 1092 1846 uerius
1110 1789 1148 1832 ea
1163 1787 1247 1851 quae

246 1870 340 1955 pleno
364 1891 462 1956 grege
486 1869 574 1934 edita
597 1876 674 1934 sunt
699 1870 740 1936 ad
764 1870 979 1935 fructuarium
998 1871 1168 1956 pertinere,
1191 1871 1246 1935 sed
1346 1858 1347 1861 ¹

246 1973 455 2058 posteriorem
487 1973 593 2056 gregis
622 1994 733 2037 casum
763 1994 878 2038 nocere
916 1972 1033 2037 debere
1063 1973 1246 2039 fructuario.

246 2075 460 2141 Summittere
480 2082 593 2139 autem
611 2073 690 2140 facti
710 2083 769 2154 est,
792 2085 826 2140 et
848 2075 997 2140 Iulianus
1018 2075 1147 2162 proprie
1167 2077 1276 2143 dicits

245 2179 415 2266 dispertire
439 2187 474 2244 et
499 2178 644 2244 diuidere
671 2187 705 2244 et
728 2181 922 2246 diuisionem
942 2180 1106 2264 quandam
1128 2181 1248 2246 facere:

246 2284 332 2368 quod
347 2282 528 2348 dominium
543 2282 606 2346 erit
620 2284 863 2349 summissurum
878 2284 1088 2369 proprietarii.

77 2398 205 2458 carmina
313 2387 349 2452 Si
373 2387 408 2450 in
428 2407 511 2463 area,
536 2386 628 2450 cuius
652 2409 729 2450 usus
755 2389 879 2454 fructus
904 2390 1030 2453 alienus
1053 2378 1147 2466 esset,
1174 2389 1248 2477 quis
1261 2401 1308 2444 ⁷²-
1340 2394 1410 2443 Mis·

78 2464 183 2524 onptor.
246 2489 453 2566 aedificasset,
473 2489 561 2554 intra
582 2495 712 2573 tempus
727 2511 791 2574 quo
806 2513 884 2556 usus
899 2492 1023 2556 fructus
1037 2491 1124 2577 perit
1139 2473 1359 2586 super-&1223

245 2593 317 2658 ficie
340 2592 478 2670 sublata,
504 2591 634 2656 restitui
664 2614 759 2656 usum
789 2593 931 2657 fructum
961 2602 1089 2658 ueteres
1118 2616 1247 2679 respon·
1260 2603 1322 2640 ”1¹-

245 2697 374 2762 derunt.
611 2689 613 2693 ’

81 2809 232 2870 Continuant
311 2799 348 2865 Si
382 2799 532 2886 dominus
570 2799 677 2863 nudae
717 2798 924 2884 proprietatis
964 2820 1061 2864 usum
1102 2799 1244 2865 fructum
1263 2817 1313 2860 ru.
1334 2811 1411 2861 Uarr-

78 2875 211 2987 &asyro
244 2904 412 2989 legauerit,
442 2925 557 2968 uerum
588 2911 646 2982 est,
675 2903 763 2988 quod
786 2903 973 2968 Maecianus
1003 2903 1130 2990 scripsit
1166 2904 1248 2969 libro
1262 2877 1399 2992 ξῖζῗζῗη,

79 3019 168 3053 owner.
243 3007 341 3072 tertio
356 3007 584 3090 quaestionum
599 3006 640 3070 de
662 3005 925 3084 fideicommissis,
945 3007 1056 3072 ualere
1079 3008 1247 3092 legatum:

244 3120 278 3176 et
304 3111 332 3175 si
358 3111 440 3175 forte
463 3110 498 3173 in
522 3110 595 3175 uita
615 3111 781 3175 testatoris
802 3111 857 3176 uel
879 3119 956 3176 ante
978 3111 1101 3176 aditam
1123 3111 1248 3175 heredi·
1331 3095 1352 3124 '⁵

243 3222 347 3280 tatem
373 3213 566 3298 proprietati
592 3214 769 3290 accesserit,
793 3213 834 3277 ad
858 3213 1052 3299 legatarium
1078 3213 1249 3298 pertinere.

244 3319 321 3383 Plus
335 3315 483 3382 admittit
498 3315 694 3393 Maecianus,
712 3315 841 3380 etiamsi
856 3324 929 3401 post
948 3315 1072 3380 aditam
1088 3315 1250 3380 heredita·
1319 3317 1322 3323 '

243 3431 311 3488 tem
327 3421 512 3487 accessisset
528 3442 605 3484 usus
623 3421 755 3500 fructus
772 3420 901 3486 utiliter
916 3421 1003 3485 diem
1023 3420 1144 3498 cedere,
1159 3429 1193 3485 et
1207 3419 1249 3484 ad

46 3593 50 3607 ,
242 3507 437 3612 legatarium
452 3523 624 3610 pertinere.

34 3675 52 3725 U
79 3654 203 3716 cormicy
309 3631 346 3696 Si
372 3650 465 3694 areae
492 3651 570 3710 usus
594 3629 718 3695 fructus
741 3630 869 3715 legatus
894 3628 938 3694 sit
953 3627 1055 3705 mibi,
1078 3649 1171 3714 posse
1196 3649 1248 3691 me
1263 3636 1313 3680 ¹²³·
1327 3629 1411 3680 Pons-

11 3721 64 3806 irtl
79 3720 183 3782 ΜΡΝ·
241 3757 349 3801 casam
364 3734 410 3798 ibi
425 3733 594 3798 aedificare
608 3734 772 3798 custodiae
787 3725 883 3798 causa
898 3754 1010 3798 earum
1031 3752 1148 3808 rerum,
1165 3754 1248 3817 quae
1262 3709 1366 3812 ffgib,
1379 3776 1404 3812 v,

11 3819 78 3868 lm
242 3840 278 3910 iu
293 3861 368 3904 area
383 3837 458 3903 sint.
1152 3915 1155 3921 Ι
1268 3902 1270 3908 ,

18 3929 21 3936 ’
80 3957 202 4020 vafriae
309 3943 346 4008 Si
377 3943 489 4008 Sticho
520 3963 614 4006 seruo
649 3949 708 4007 tuo
743 3950 778 4006 et
809 3942 981 4027 Pamphilo
1015 3965 1088 4008 meo
1120 3944 1248 4028 legatus
1262 3958 1313 4001 π.
1330 3951 1414 4002 enus

79 4023 229 4084 'mmm'
243 4049 344 4113 suerit
358 4069 436 4112 usus
457 4047 590 4124 fructus,
609 4047 676 4112 tale
699 4054 748 4112 est
774 4048 928 4131 legatum,
948 4048 1044 4134 quale
1066 4049 1094 4113 si
1117 4048 1199 4111 mihi
1214 4055 1249 4112 et
1260 4017 1394 4145 {ffoffi

243 4149 306 4214 tibi
320 4148 447 4234 legatus
461 4156 563 4212 esset:
594 4155 629 4211 et
643 4146 715 4211 ideo
730 4147 867 4211 dubium
883 4170 949 4242 non
964 4157 1022 4227 est,
1036 4147 1117 4233 quin
1131 4170 1248 4235 aequa-

245 4253 321 4318 liter
342 4251 384 4320 ad
406 4273 465 4316 nos
487 4250 658 4336 pertineat.
1124 4266 1128 4274 ’

242 4375 245 4380 “
474 4403 477 4412 ·
574 4372 584 4404 ¹
604 4373 682 4421 Codd.
694 4372 756 4421 dett.
770 4373 826 4431 cst3
844 4373 868 4420 F
878 4375 911 4422 et.

78 4089 223 4140 monstror.
