3108 5076
316 371 336 429 s
687 365 943 450 irase-ss.

315 531 349 593 in
370 528 545 616 perniciem
564 525 787 613 proprietatis:
813 526 892 591 etsi
912 526 994 590 forte
1014 526 1235 611 uoluptarium
1255 525 1319 590 suit

309 621 662 717 ·praedium‚·uirdiaria
680 629 735 694 uel
755 630 950 715 gestationes
970 628 1025 693 uel
1040 628 1319 694 deambulationes

316 737 481 802 arboribus
510 735 716 800 infructuosis
745 755 859 819 opacas
885 741 983 817 atque
1010 736 1162 798 amoenas
1187 734 1319 812 habene,

208 846 211 854 ’
243 913 247 920 .
317 863 381 905 non
400 841 532 905 debebit
552 839 739 918 deicerent
759 839 841 902 forte
862 837 970 902 hortos
990 837 1132 902 olitorios
1152 839 1249 903 faciat
1264 837 1319 902 nel

287 950 289 953 ’
315 944 405 1018 aliud
424 943 512 1027 quid,
531 943 618 1027 quod
638 943 680 1008 ad
701 943 843 1007 reditum
864 950 997 1027 spectat.
1044 941 1126 1006 Inde
1149 950 1198 1007 est
1220 957 1348 1026 quae-5

316 1049 424 1128 situm,
444 1069 487 1112 an
506 1047 694 1132 lapidicinos
714 1047 769 1111 uel
789 1047 994 1112 oretifodinas
1011 1047 1066 1111 uel
1081 1047 1320 1112 barenifodinas

316 1153 385 1238 ipse
399 1151 570 1216 instituere
584 1151 699 1236 possit:
722 1159 756 1216 et
765 1171 824 1235 ego
832 1158 911 1236 puto
922 1149 1022 1214 etiam
1032 1150 1139 1236 ipsum
1148 1149 1320 1216 instituere

316 1277 416 1339 posse,
437 1254 464 1318 si
486 1275 552 1318 non
573 1252 643 1338 agri
665 1260 790 1336 partem
805 1251 1017 1316 necessariam
1033 1252 1108 1316 huic
1123 1252 1170 1316 rei
1186 1274 1320 1338 occupa-

316 1368 408 1422 turus
437 1365 494 1422 est.
547 1355 686 1420 Proinde
715 1377 816 1420 uenas
845 1377 974 1440 quoque
1003 1355 1250 1440 lapidicinarum
1285 1365 1320 1420 et

318 1460 502 1525 huiusmodi
523 1459 728 1524 metallorum
748 1457 910 1544 inquirere
930 1458 1069 1543 poterit:
1097 1466 1226 1542 ergoet
1248 1459 1320 1522 auri

317 1573 351 1632 et
362 1563 487 1648 argenti
502 1571 536 1628 et
547 1563 687 1648 sulpuris
696 1571 730 1627 et
738 1563 821 1627 aeris
830 1569 863 1626 et
872 1562 948 1626 ferri
958 1571 992 1627 et
1003 1571 1182 1628 ceterorum
1194 1561 1320 1629 fodinas

317 1668 371 1731 uel
386 1689 465 1750 quas
480 1675 572 1752 pater
586 1666 725 1731 familias
739 1665 883 1732 instituit
898 1689 1044 1731 exercere
1059 1669 1178 1752 poterit
1187 1669 1240 1732 1191
1250 1669 1320 1754 ipss
1344 1726 1349 1737 .

317 1771 497 1850 instituere,
517 1769 544 1834 si
566 1769 649 1834 nihil
671 1770 886 1855 agriculturae
908 1772 1057 1838 nocebit:
1084 1780 1118 1837 et
1140 1773 1168 1836 si
1188 1773 1271 1838 forte
1285 1773 1321 1837 in

317 1876 377 1940 hoc
398 1875 485 1958 quod
506 1875 651 1940 instituit
672 1875 745 1960 plus
767 1875 890 1940 reditus
913 1875 956 1940 sit
977 1899 1076 1960 quam
1098 1877 1133 1940 in
1148 1878 1253 1943 uineis
1266 1877 1320 1942 uel

318 1978 456 2045 arbustis
478 1979 532 2043 uel
554 1979 682 2043 oliuetis
704 2001 787 2063 quae
804 1980 949 2058 fuerunt,
969 1981 1102 2046 forsitan
1123 1981 1222 2046 etiam
1242 1982 1322 2046 haec

319 2083 443 2147 deicere
475 2082 603 2166 poterit,
633 2083 660 2146 si
693 2084 826 2168 quidem
860 2085 889 2148 ei
923 2085 1127 2172 permittitur
1155 2085 1321 2150 meliorare
1353 2115 1358 2122 ·

318 2185 556 2272 proprietatem.
602 2186 638 2251 Si
660 2195 771 2251 tamen
793 2210 876 2273 quae
898 2188 1044 2256 instituit
1065 2189 1351 2254 usufructuariust

319 2297 377 2354 aut
399 2288 525 2353 caelum
550 2297 754 2373 corrumpant
777 2289 846 2374 agri
871 2298 929 2354 aut
952 2313 1106 2376 magnum
1131 2297 1322 2376 apparatum

320 2397 386 2461 sint
399 2395 618 2460 desideratura
632 2395 782 2480 opificum
798 2395 880 2460 forte
895 2395 949 2460 uel
963 2396 1151 2480 legnlorum,
1164 2417 1246 2480 quae
1257 2416 1323 2459 non

319 2509 427 2586 potest
448 2501 607 2566 sustinere
628 2499 866 2586 proprietarius,
886 2523 952 2566 non
973 2500 1140 2565 uidebitur
1160 2500 1224 2564 uiri
1246 2498 1323 2564 boni

320 2605 478 2670 arbitratu
494 2604 577 2668 frui:
599 2605 655 2668 sed
670 2627 730 2669 nec
744 2603 927 2669 aedificium
943 2605 1076 2688 quidem
1091 2603 1273 2689 positurum
1288 2601 1323 2665 in

319 2707 429 2784 fundo,
444 2706 506 2770 nisi
526 2706 612 2790 quod
632 2705 674 2770 ad
694 2707 837 2770 fructum
851 2706 1094 2791 percipiendum
1110 2704 1324 2770 necessarium

321 2809 371 2874 sit.
502 2808 567 2873 Sed
585 2809 612 2874 si
627 2809 757 2873 aedium
772 2808 988 2872 ususfructus
1005 2809 1132 2894 legatus
1146 2808 1198 2887 sit,
1213 2807 1354 2874 Neruas

321 2913 407 2984 filius
422 2919 456 2976 et
469 2913 595 2982 lumina
609 2913 786 2978 immittere
802 2936 877 2977 eum
892 2935 984 2999 posse
1001 2913 1062 2978 ait:
1086 2913 1142 2978 sed
1157 2920 1191 2977 et
1202 2912 1326 2977 colores

322 3027 356 3082 et
377 3017 519 3103 picturas
541 3025 575 3082 et
597 3039 757 3082 marmora
777 3017 898 3103 poterit
920 3025 954 3082 et
976 3017 1081 3103 sigilla
1098 3026 1132 3082 et
1147 3017 1174 3082 si
1190 3015 1269 3100 quid
1283 3015 1325 3079 ad
1395 3037 1400 3046 ·

322 3122 436 3186 domus
458 3128 629 3186 ornatum:
660 3121 716 3185 sed
740 3143 846 3206 neque
872 3121 995 3185 diaetas
1020 3121 1247 3185 transformare
1270 3117 1326 3182 uel

322 3226 514 3310 coniungere
530 3233 587 3289 aut
602 3246 749 3310 separare
764 3225 795 3290 ei
809 3225 1025 3311 permittetur,
1033 3225 1088 3289 uel
1103 3224 1211 3288 aditus
1225 3223 1326 3308 posti-

322 3353 417 3396 casue
432 3338 567 3408 uertere,
576 3329 630 3393 uel
644 3330 768 3414 refugia
782 3329 915 3415 aperire,
923 3329 977 3394 uel
991 3329 1111 3393 atrium
1125 3336 1261 3406 mutare,
1271 3326 1327 3391 uel
1404 3399 1407 3404 Δ

323 3435 476 3501 uirdiaria
497 3435 538 3499 ad
560 3433 661 3499 alium
683 3434 815 3499 modum
837 3443 1043 3500 conuertere:
1074 3434 1216 3499 excolere
1239 3434 1327 3500 enim
1424 3471 1428 3481 ·

279 3545 282 3554 '
324 3541 410 3626 quod
436 3539 564 3604 inuenit
589 3547 697 3626 potest
720 3540 877 3624 qualitate
901 3540 1032 3604 aedium
1057 3562 1123 3604 non
1145 3541 1327 3606 immutata
1379 3617 1381 3620 ¹

162 4085 280 4198 1111911119

163 4203 245 4259 house,

325 3645 413 3708 Item
433 3643 546 3708 Nerua
568 3665 644 3708 eum
664 3643 718 3709 cui
737 3643 868 3708 aedium
890 3666 968 3708 usus
989 3644 1113 3707 fructus
1135 3643 1261 3728 legatus
1283 3644 1331 3708 sit,

325 3749 422 3812 altius
432 3748 545 3812 tollere
555 3771 622 3813 non
631 3772 730 3834 posse,
741 3749 890 3834 quamuis
896 3749 1023 3813 lumina
1032 3771 1096 3812 non
1108 3749 1327 3827 obscurentur,

325 3851 403 3936 quia
421 3858 545 3914 tectum
560 3853 662 3936 magis
677 3854 844 3918 turbatur:
867 3851 953 3938 quod
969 3851 1076 3915 Labeo
1091 3851 1191 3915 etiam
1205 3851 1241 3914 in
1255 3873 1326 3935 pro-

324 3953 472 4040 prietatis
486 3953 742 4020 dominoscribit.
777 3955 870 4018 Idem
882 3954 994 4018 Nema
1005 3975 1064 4017 nec
1075 3953 1240 4017 obstruere
1252 3975 1327 4018 eum
1412 3997 1416 4006 -

325 4079 424 4144 posse.
467 4083 469 4088 ·
501 4083 503 4086 ·
585 4055 670 4122 Item
693 4057 720 4122 si
739 4053 857 4121 ¹domus
878 4077 956 4120 usus
978 4056 1100 4119 tructus
1124 4055 1358 4140 legatus.sit,8

326 4158 491 4224 meritoria
519 4157 585 4222 illio
613 4159 717 4224 facere
746 4158 940 4223 fructuarius
969 4179 1034 4221 non
1064 4155 1162 4220 debet
1187 4179 1247 4222 nec
1270 4179 1329 4243 per

324 4264 488 4330 cenacula.
504 4263 648 4328 diuidere
677 4263 827 4329 domum:
863 4262 976 4348 atquin
1003 4263 1105 4326 locare
1131 4269 1246 4347 potest,
1271 4263 1327 4328 sed

325 4369 486 4456 oportebit
522 4369 613 4454 quasi
650 4369 782 4434 domurn
812 4369 924 4435 locare.
985 4367 1056 4432 Nec
1085 4365 1251 4432 balineum
1282 4367 1326 4433 ibi
