3108 5076
248 426 251 433 ,
347 355 389 418 rs
712 351 826 438 roes
842 331 1001 418 1-188.¹

182 519 301 612 aaaron
412 503 598 602 Stipulatus
632 537 707 581 sum
743 515 784 582 de
820 514 920 582 Titio·
943 513 1084 602 fundum
1120 513 1380 582 Cornelianum

182 600 297 726 2²:2⁷}ssss
338 620 489 686 detrecto
504 643 565 685 usu
580 620 700 686 fructu:
717 620 825 686 Titius
838 619 989 686 decessit:
1007 619 1192 707 quaesitum
1206 619 1351 706 est,quid

183 743 270 778 enarer
281 735 306 778 to
346 723 429 788 mihi
442 723 595 789 heredem
610 723 680 788 eius
694 731 857 809 praestare
869 733 1005 810 oportet.
1033 725 1215 811 Respondit
1225 724 1353 801 referre,

73 851 76 912 j
183 795 279 844 'mm'
348 831 412 912 qua
434 833 545 891 mente
569 825 788 890 ususfructus
808 835 963 911 exceptus
985 827 1042 892 sit:
1065 849 1143 910 nam
1166 827 1196 910 si
1217 827 1352 913 quidem
1394 841 1396 845 ·

347 929 417 994 hoc'
432 929 539 994 actum
567 936 626 1006 est,
646 935 686 994 ut
705 928 741 992 in
765 927 939 994 cuiuslibet
958 951 1096 1016 persona
1111 952 1190 996 usus
1212 927 1351 996 fructus¹

346 1033 604 1120 constitueretur,
620 1032 721 1097 solam
736 1032 969 1118 proprietatem
985 1033 1137 1100 heredem
1152 1033 1352 1099 debiturum:

346 1134 396 1198 sin
421 1142 533 1199 autem
558 1133 592 1199 id
615 1141 725 1198 ectum
745 1133 796 1213 sit,
816 1141 855 1199 ut
876 1131 1061 1220 promissori
1081 1134 1252 1200 dumtaxat
1266 1151 1353 1198 'usus

345 1238 468 1327 fructus
490 1236 695 1322 reciperetur,
710 1237 841 1323 plenam
862 1238 1095 1324 proprietatem
1116 1237 1268 1304 heredem
1283 1237 1354 1302 eius
1371 1315 1373 1322 Ι

346 1340 543 1406 debiturum.
588 1339 661 1404 Hoc
690 1338 738 1404 ita
763 1361 797 1406 se
823 1339 943 1404 hebere
968 1339 1173 1414 manifestius
1197 1341 1232 1404 in
1256 1359 1353 1404 causa

241 1471 242 1475 ¹
316 1433 317 1438 ἵ
345 1446 527 1531 legatorum
552 1466 724 1530 apparere:
746 1443 870 1509 etenim
894 1443 921 1508 si
944 1444 1047 1522 heres,
1070 1466 1091 1509 a
1117 1465 1182 1530 quo
1208 1443 1352 1508 detracto

346 1574 407 1616 usu
432 1551 541 1616 fructu
565 1542 744 1636 proprietas
767 1549 877 1634 legata
899 1549 953 1626 sit,
977 1549 1167 1634 priusquam
1191 1571 1232 1613 ex
1253 1555 1354 1614 testa-

346 1663 457 1720 mento
486 1661 646 1744 ageretur,
676 1652 856 1730 decesserit,
879 1652 989 1717 minus
1017 1653 1244 1730 dubitandum,
1270 1652 1352 1738 quin

346 1757 440 1821 heres
455 1756 526 1821 eius
540 1756 672 1841 plenam
686 1753 919 1841 proprietatem
934 1756 976 1820 sit
991 1755 1175 1820 debiturus:
1198 1754 1353 1841 idemque

348 1867 381 1924 et
403 1859 431 1924 si
451 1856 514 1924 sub¹
532 1857 719 1946 condicione
738 1858 889 1924 similiter
903 1857 1064 1942 legatum²
1078 1859 1121 1924 sit
1137 1866 1171 1924 et
1185 1857 1351 1947 pendente

346 1962 532 2028 condicione
547 1962 641 2027 heres
655 1961 801 2028 decessit.
1220 2023 1221 2026 ,

412 2068 502 2132 Usus
534 2067 660 2132 fructus
693 2066 780 2132 serui
813 2065 902 2131 Titio
936 2066 1063 2152 legatus
1093 2073 1156 2132 est:
1191 2087 1266 2130 cum
1295 2077 1382 2150 pera

261 2193 268 2207 ·
346 2171 498 2236 heredem
513 2177 622 2248 staret,
637 2193 701 2255 quo
717 2169 825 2249 minus
840 2176 1066 2254 praestaretur,
1077 2189 1190 2232 seruus
1204 2175 1354 2232 mortuus

264 2342 267 2349 ,
347 2285 410 2340 est:
431 2273 520 2338 aliud
536 2273 600 2338 dici
614 2297 680 2338 non
692 2265 787 2359 posse
802 2273 858 2350 ait,
873 2295 972 2359 quam
988 2273 1023 2336 in
1037 2273 1071 2336 id
1087 2273 1268 2358 obligatum
1283 2293 1353 2336 esse

347 2377 509 2456 heredem,
533 2377 649 2463 quanti
672 2377 823 2464 legatarii
849 2377 979 2448 intersit
1000 2399 1123 2441 moram
1144 2377 1263 2442 factam
1287 2399 1353 2442 non

287 2531 289 2538 -
348 2493 427 2560 esse,
443 2490 482 2546 ut
501 2482 625 2547 scilicet
645 2503 686 2546 ex
709 2504 747 2547 eo
767 2489 914 2566 tempore
932 2481 968 2545 in
990 2480 1086 2558 diem,
1101 2481 1134 2545 in
1155 2503 1220 2566 quo
1239 2503 1353 2547 seruus

287 2631 290 2666 3
334 2583 391 2648 'sit
405 2581 563 2662 mortuus
577 2607 656 2649 usus
670 2584 795 2649 fructus
809 2583 1006 2650 aestimetur.
1051 2581 1115 2650 Oui
1127 2582 1208 2648 illud
1225 2605 1354 2668 quoque

214 2711 217 2718 ·
307 2766 309 2772 y
347 2707 545 2772 consequens
564 2709 644 2769 esse,
659 2695 698 2752 ut
713 2687 740 2751 si
756 2687 825 2772 ipse
841 2687 948 2751 Titius
963 2686 1129 2763 moriatur,
1145 2687 1298 2752 similiter
1312 2708 1354 2751 ex
1450 2731 1453 2736 -

347 2812 385 2856 eo
400 2799 555 2876 tempore,
570 2812 634 2875 quo
648 2813 738 2854 mora
753 2791 796 2854 sit
810 2791 904 2865 facta,
920 2791 955 2854 in
970 2791 1058 2856 diem
1073 2791 1187 2856 mortis
1202 2791 1354 2856 aestima·
1418 2831 1421 2838 ,

183 2909 330 2958 Prmntcer’s
347 2893 395 2960 tio
418 2915 497 2990 usus
520 2894 645 2958 fruetus
668 2894 780 2958 heredi
804 2894 873 2958 eins
888 2902 1116 2979 praestaretur.
1161 2894 1352 2975 Quaesitum
1368 2905 1423 2951 ⁸⁷·
1446 2900 1515 2950 Inna

83 2993 86 2999 '
183 2977 266 3039 dmi·
348 3003 408 3075 est,
430 2995 466 3075 si,
489 3019 564 3060 oum
586 2997 622 3060 in
643 3019 745 3062 annos
771 2998 883 3062 decem
906 2999 1069 3082 proximos
1092 3021 1188 3064 usum
1211 2999 1354 3064 fructum
1366 2965 1483 3082 323⁹&

347 3100 388 3166 de
410 3107 444 3165 te
466 3099 537 3164 dari
554 3099 731 3186 stipulatus
749 3122 860 3178 essem,
880 3123 939 3186 per
956 3110 990 3166 te
1012 3101 1140 3167 steterit
1162 3123 1226 3187 quo
1246 3100 1355 3166 minus

282 3245 283 3248 =
347 3203 439 3268 dares
460 3209 495 3268 et
514 3202 776 3288 quinquennium
796 3204 973 3282 transierit,
989 3205 1069 3290 quid
1090 3201 1171 3270 iuris
1188 3205 1258 3271 sitz.
1273 3205 1353 3270 item

221 3294 224 3302 ¹
347 3305 375 3372 si
390 3304 497 3372 Stichi
512 3304 624 3370 decem
639 3327 798 3370 annorum
813 3293 1033 3391 proximorum
1048 3329 1160 3393 operas
1175 3307 1216 3372 de
1230 3315 1265 3372 te
1285 3305 1355 3371 dari

348 3407 527 3492 stipulatus
553 3406 616 3472 sim
645 3415 679 3472 et
708 3407 858 3473 similiter
887 3409 1149 3495 quinquennium
1177 3409 1355 3496 praeteriit.

347 3505 529 3597 Respondit
544 3511 786 3598 eius'temporis
801 3536 897 3604 usum
917 3515 1061 3580 fructum
1082 3523 1116 3579 et
1133 3536 1246 3600 operas
1266 3523 1354 3580 recte

347 3615 426 3701 peti,
442 3616 528 3700 quod
544 3636 602 3701 per
617 3624 651 3682 te
666 3624 868 3682 transactum
883 3626 1013 3704 estquo
1029 3617 1318 3684 minusdarentur.

403 3718 490 3782 Non
514 3718 622 3782 utitur
641 3720 912 3800 ..usufructuariae
936 3721 963 3786 si
985 3743 1045 3786 nec
1065 3721 1135 3806 ipse
1157 3729 1272 3788 utetur
1293 3743 1355 3786 nec
1368 3743 1422 3788 ss.
1453 3737 1523 3788 nan

347 3815 478 3887 nomine
501 3821 575 3886 eius
604 3823 695 3902 alius,
722 3832 804 3909 puta
832 3825 890 3909 qui
920 3825 1001 3889 emit
1027 3825 1082 3890 uel
1111 3825 1171 3912 qui
1199 3823 1356 3890 conduxit
1367 3815 1496 3921 ffiufn

264 3995 278 4023 ,Ι
348 3925 402 3992 uel
422 3925 475 3990 oui
494 3925 633 3990 donatus
647 3933 697 3992 est
711 3928 765 3992 uel
780 3929 837 4013 qui
852 3929 1020 4020 negotium
1035 3929 1104 3994 eius
1118 3930 1210 4016 gerit,
1254 3929 1355 3994 Plane

348 4029 429 4094 illud
444 4029 588 4107 interest,
603 4031 699 4115 quod,
714 4031 741 4097 si
757 4031 933 4097 uendidero
948 4055 1045 4098 usum
1060 4034 1211 4113 fructum,
1227 4033 1355 4118 etiamsi

396 4185 405 4218 1
422 4187 484 4234 Post
495 4159 680 4238 fruotns'addit
690 4191 715 4237 F
724 4204 755 4239 ec
770 4171 868 4240 incerto
885 4205 961 4239 manu
977 4189 1133 4252 reciperetur
1150 4187 1256 4253 plenum
1267 4187 1308 4254 (en
1318 4204 1355 4239 ac·

348 4265 501 4332 patentibus).
589 4336 591 4340 Ι

398 4347 409 4379 ²
425 4350 468 4397 Ita
479 4349 558 4407 dett,
579 4349 679 4412 legatus
690 4353 724 4402 F.
