3108 5076
349 339 368 400 a
737 334 963 420 talasa.

174 497 327 612 ,griffina
349 496 438 562 Usus
452 497 575 561 fructus
596 505 630 562 et
648 496 689 561 ab
709 495 803 559 initio
823 519 880 582 pro
899 504 992 581 parte
1012 495 1153 560 indiuisa
1172 494 1226 561 uel
1246 495 1352 560 diuisa
1364 485 1496 600 fmffi·
1548 491 1549 496 ’

170 625 173 634 ’
202 577 214 610 ⁰
239 578 276 612 m
296 578 308 611 θ
328 597 502 666 'constitui
517 608 551 666 et
565 599 711 686 legitimo
726 607 872 684 tempore
888 599 1038 664 similiter
1052 599 1161 664 amitti
1173 599 1350 686 eademque
1365 617 1523 680 Quaenam.

347 705 472 770 ratione
491 727 550 791 per
570 705 676 790 legem
691 704 868 768 Falcidiam
888 704 992 769 minui
1006 713 1130 789 potest:
1151 727 1206 770 reo
1221 727 1350 790 quoque

346 808 557 894 promittendi
572 807 723 872 defuncto
738 807 772 870 in
788 816 896 892 partes
911 807 1122 873 hereditarias
1136 830 1215 872 usus
1227 808 1350 872 fructus

346 911 500 997 obligatio
514 911 690 976 diuiditur:
714 919 748 976 et
763 912 790 975 si
805 934 845 976 ex
861 911 1025 975 communi
1039 912 1169 998 praedio
1185 911 1350 990 debeatur,

346 1037 412 1086 uno
441 1037 482 1080 ex
510 1015 604 1085 sociis
630 1014 824 1091 defendente
851 1037 908 1102 pro
938 1023 1029 1101 parte
1058 1015 1261 1083 defendentis
1292 1016 1350 1082 fiet

345 1119 517 1186 restitutio.
962 1129 964 1136 ’

184 1229 249 1278 Hoa
412 1223 500 1288 Usus
522 1224 644 1288 fructus
665 1223 813 1309 pluribus
834 1223 938 1288 modis
957 1223 1180 1292 constituitur:
1204 1233 1243 1288 ut
1264 1246 1346 1300 occe,
1363 1242 1393 1288 ο.
1414 1238 1505 1287 Girua

183 1296 292 1344 mm
345 1329 373 1393 si
402 1329 529 1414 legatus
558 1329 664 1395 fuerit
724 1329 789 1398 Sed
827 1337 860 1394 et
896 1327 1074 1414 proprietas
1111 1328 1249 1394 deducto
1285 1352 1347 1394 usu
1360 1303 1500 1432 gffofffi

344 1432 452 1496 fructu
478 1430 578 1516 legari
608 1439 724 1516 potest,
750 1439 788 1494 ut
818 1431 904 1515 apud
933 1430 1086 1494 heredem
1112 1439 1244 1496 maneat
1270 1453 1348 1495 usus

345 1537 476 1602 fructus
522 1535 742 1602 Constituitur
761 1535 867 1599 adhuc
888 1557 963 1599 usus
985 1535 1109 1600 fructus
1129 1543 1162 1600 et
1178 1535 1213 1598 in
1228 1536 1378 1602 iudiciol

346 1640 488 1704 familiae
514 1638 718 1703 erciscundae
745 1646 779 1702 et
801 1637 965 1702 communi
988 1638 1177 1716 diuidundo,
1200 1639 1227 1702 si
1249 1639 1348 1704 iudex

346 1743 402 1808 alii
417 1742 645 1828 proprietatem
662 1741 909 1820 adiudicauerit,
926 1741 982 1805 alii
998 1763 1092 1804 usum
1108 1741 1261 1809 fructum.

407 1847 602 1931 Adquiritur
628 1854 739 1910 autem
771 1846 864 1910 nobis
895 1869 972 1910 usus
997 1847 1121 1911 fructus
1149 1869 1214 1911 non
1244 1847 1378 1916 soluma

344 1973 403 2037 per
425 1960 552 2016 nosmet
574 1951 667 2034 ipsos,
688 1951 744 2015 sed
766 1951 865 2014 etiam
888 1973 947 2035 per
969 1973 1023 2015 eas
1045 1973 1172 2037 quoque
1187 1973 1348 2037 personas,

345 2079 425 2142 quas
459 2055 522 2120 iuri
556 2064 663 2120 nostro
693 2055 853 2120 subiectas
883 2054 1048 2122 habemus.
1108 2057 1203 2120 Nihil
1234 2067 1377 2127 autema

344 2168 437 2224 uetat
458 2182 551 2224 seruo
577 2182 650 2224 meo
675 2158 792 2224 herede
818 2159 970 2225 instituto
992 2160 1093 2245 legari
1115 2160 1346 2246 proprietatem

344 2265 481 2333 deducto
495 2287 555 2330 usu
572 2265 687 2330 fructu.

542 2466 658 2551 Rapta
680 2464 746 2530 aad
768 2465 881 2532 Duties
903 2465 943 2554 of
957 2465 1149 2553 Fructuury.

179 2622 313 2685 Riatuof
409 2601 481 2668 Usu
511 2604 618 2668 fructu
643 2603 751 2687 legato
780 2602 884 2666 omnis
913 2602 1037 2668 fructus
1065 2603 1113 2669 rei
1138 2604 1180 2669 ad
1204 2605 1348 2670 fructua·
1362 2623 1391 2668 r.
1416 2615 1505 2667 Um,

175 2689 312 2800 {noctuam
342 2706 427 2771 rium
454 2707 603 2792 pertinet.
662 2707 708 2771 Et
732 2715 790 2770 aut
811 2706 858 2771 rei
881 2706 939 2771 soli
963 2715 1021 2770 aut
1044 2708 1091 2771 rei
1116 2708 1244 2772 mobilis
1269 2731 1347 2774 usus
1360 2685 1508 2800 ξῖξεζέῃ

180 2818 315 2880 tartarum.
342 2811 467 2875 fructus
486 2811 621 2894 legatur.
667 2810 729 2874 Rei
750 2810 818 2888 soli,
838 2817 877 2873 ut
898 2819 980 2895 puta
1001 2811 1141 2886 aedium,
1157 2833 1218 2875 usu
1238 2813 1376 2878 fructul

343 2913 459 2998 legato,
474 2914 670 2998 quicumque
691 2913 814 2984 reditus
835 2921 893 2992 est,
915 2913 956 2977 ad
978 2914 1252 2979 usufructuarium
1275 2938 1346 3001 per·

342 3019 435 3096 tinet,
453 3039 600 3102 quaeque
621 3017 833 3086 obuentiones
853 3026 930 3082 sunt
953 3041 993 3083 ex
1014 3019 1176 3096 aediliciis,
1195 3044 1236 3085 ex
1256 3021 1347 3098 areis,

342 3131 377 3188 et
406 3121 520 3186 ceteris
550 3143 771 3206 quaecumque
805 3121 935 3186 aedium
972 3131 1056 3189 sunt.
1115 3123 1214 3189 Unde
1246 3125 1346 3190 etiam

343 3224 432 3290 mitti
458 3246 533 3290 eum
559 3225 594 3288 in
620 3225 853 3310 possessionem
879 3225 1062 3291 uicinarum
1092 3227 1223 3292 aedium
1249 3251 1346 3294 causa

342 3329 454 3394 damni
474 3329 585 3394 inlecti
605 3331 737 3414 placuit,
752 3339 786 3395 et
806 3331 875 3394 lure
895 3329 1031 3394 dominii
1050 3353 1272 3416 possessurum
1292 3355 1345 3398 eas

342 3430 446 3512 aedes,
462 3434 489 3498 si
511 3443 738 3520 perseueretur
761 3458 824 3499 uon
847 3435 964 3513 caueri,
980 3457 1040 3499 nec
1061 3435 1234 3521 quicquam
1249 3438 1345 3502 amit·

342 3549 411 3603 tere
426 3539 519 3604 linito
541 3562 600 3604 usu
624 3539 740 3604 fructu.
784 3539 857 3602 Hac
874 3538 999 3607 ratione
1021 3539 1130 3604 Labeo
1152 3539 1263 3607 scribit
1285 3563 1344 3606 nec

342 3643 525 3708 aedificium
547 3645 642 3708 licere
664 3643 794 3708 domiuo
816 3651 850 3708 te
872 3643 978 3708 inuito
1000 3643 1098 3708 altius
1117 3643 1239 3721 tollere,
1260 3645 1344 3711 sicut

342 3767 401 3810 nec
416 3769 509 3811 areae
531 3770 592 3812 usu
612 3748 720 3812 fructu
742 3748 850 3832 legato
872 3755 980 3833 potest
1003 3747 1039 3811 in
1062 3770 1137 3812 area
1160 3748 1344 3826 aedificium
1415 3788 1419 3796 ·

342 3850 440 3936 poni:
461 3872 559 3936 quam
575 3850 770 3915 sententiam
786 3859 866 3937 puto
881 3873 1001 3916 ueram.

178 3957 249 4035 Data
262 3963 286 4006 to
408 3951 569 4033 Quoniam
599 3952 701 4037 igitur
730 3952 834 4016 omnis
864 3952 987 4016 fructus
1017 3952 1064 4016 rei
1093 3953 1134 4017 ad
1167 3974 1241 4018 eum
1271 3973 1372 4040 per-2

177 4036 272 4084 'W'
342 4055 437 4134 tinet,
462 4055 591 4120 reficere
621 4077 749 4140 quoque
779 4077 855 4118 eum
881 4054 976 4119 aedes
1002 4077 1060 4140 per
1085 4055 1243 4122 arbitrum
1272 4057 1342 4143 cogi

341 4161 454 4226 Celsus
475 4157 600 4223 scribit¹
623 4158 705 4223 libro
727 4167 842 4224 octauo
864 4158 988 4224 decimo
1011 4159 1216 4244 digestorum,
1234 4161 1341 4226 hacte-

673 4370 681 4401 ¹
701 4369 789 4420 scribit
802 4370 891 4419 Celsus
903 4369 969 4419 libro
980 4372 1010 4418 F.
