3108 5076
645 337 917 422 1'14-115.§-6.
1262 343 1280 405 a

276 497 458 565 faciendum
479 507 536 564 est.
582 499 676 579 Quod
697 507 808 566 autem
828 499 908 564 dicit
923 498 1086 564 meritoria
1101 521 1166 563 non
1181 499 1284 562 factu·

277 625 359 681 rum,
386 603 435 667 ita
463 603 581 687 accipe,
609 625 692 687 quae
722 602 818 687 uolgo
844 602 1028 667 deuersoria
1052 603 1107 666 uel
1130 602 1285 668 fullonica
1348 667 1352 673 .

276 706 449 791 appellant.
494 707 564 792 Ego
591 706 731 792 quidem,
758 713 793 770 et
818 706 845 770 si
870 706 1037 770 balineum
1063 706 1106 770 sit
1130 706 1165 768 in
1189 705 1284 770 domo

277 808 389 874 usibus
409 807 578 874 dominicis
598 809 729 874 solitum
751 831 866 874 uacare
881 809 916 874 in
931 809 1049 874 intima
1062 819 1154 894 parte
1170 811 1285 875 domus

277 910 332 974 uel
353 911 439 996 inter
460 912 585 977 diaetas
607 934 767 991 amoenae,
787 934 852 977 non
874 922 960 977 recte
983 935 1043 978 nec
1066 935 1106 978 ex
1125 912 1203 977 boni
1220 913 1285 976 uiri

277 1016 436 1080 arbitratu
461 1015 632 1095 facturum,
657 1015 684 1081 si
710 1017 744 1080 id
775 1017 878 1082 locare
909 1019 1059 1103 coeperit,
1090 1026 1128 1082 ut
1156 1018 1285 1103 publice

197 1191 198 1196 η
252 1139 260 1184 ·,
279 1120 376 1199 lauet,
391 1142 457 1184 non
478 1120 581 1204 magis
601 1142 700 1206 quam
720 1120 748 1184 si
763 1120 896 1185 domum
911 1121 953 1185 ad
969 1122 1143 1191 stationem
1158 1121 1286 1187 iumen·
1350 1154 1363 1188 „v

279 1233 387 1287 torum
417 1222 581 1300 locauerit,
607 1232 666 1287 aut
695 1223 732 1300 si,
756 1223 923 1287 stabulum
952 1223 1038 1307 quod
1069 1232 1138 1288 erat
1167 1224 1282 1290 domus
1397 1300 1399 1304 ¹

279 1325 435 1396 iumentis
458 1333 494 1390 et·
512 1325 673 1390 carruchis
695 1348 821 1403 uacans,
839 1326 976 1411 pistrino
996 1326 1158 1406 locauerit,
1175 1327 1186 1402 ΙΙ
1210 1327 1286 1392 licet
1300 1351 1350 1396 u.
1365 1344 1448 1394 Pisa.

280 1428 384 1493 multo
406 1429 516 1500 minus
539 1452 578 1494 ex
605 1451 644 1494 ea
665 1452 700 1494 re
722 1429 906 1494 fructuum*
934 1430 1101 1516 percipiat.
1129 1430 1141 1506 ll
1161 1431 1230 1496 ¹Sed
1257 1430 1285 1494 si
1298 1409 1447 1540 ‘dsssm

279 1533 359 1618 quid
394 1531 657 1612 inaedificauerit,
689 1542 802 1618 postea
837 1555 912 1598 eum
942 1556 1049 1618 neque
1084 1533 1197 1598 tollere
1226 1497 1446 1606 hociiisain‘

279 1657 389 1721 neque
415 1635 548 1720 refigere
581 1659 690 1721 posse:
727 1637 827 1702 refixa
855 1637 951 1722 plane
985 1659 1077 1723 posse
1113 1637 1285 1703 uindicare.
1299 1620 1449 1672 Sauum.

119 1750 246 1812 incuses,
279 1740 515 1825 Mancipicrum
537 1761 673 1825 ‚quoque
702 1763 764 1804 usu
793 1739 916 1805 fmetu²
951 1741 1057 1827 legato
1090 1765 1156 1806 non
1189 1741 1315 1806 debetl

280 1845 381 1923 abuti,
406 1845 462 1910 sed
485 1845 663 1909 secundum
688 1845 907 1910 condicionem
930 1867 1041 1911 eorum
1063 1847 1130 1911 uti:
1160 1869 1236 1911 nam
1260 1846 1287 1911 si

280 1951 448 2015 librarium
462 1973 517 2014 rus
532 1949 645 2014 mittat
660 1957 694 2014 et
708 1949 842 2035 qualum
860 1957 894 2014 et
909 1950 1028 2015 calcem
1043 1959 1170 2035 portare
1186 1959 1288 2038 cogat,

226 2135 227 2138 Ἴ
279 2053 471 2122 histrionem
488 2053 725 2127 balneatorem³
743 2053 849 2132 faciat,
865 2055 920 2118 uel
940 2055 980 2119 de
1000 2053 1194 2140 symphonia
1208 2055 1286 2120 atri-

280 2181 399 2236 ensem,
414 2159 469 2229 uel
489 2158 530 2223 de
550 2158 710 2243 palaestra
730 2159 942 2224 stercorandis
959 2159 1086 2223 latrinis
1101 2167 1287 2245 praeponat,

279 2261 371 2326 abuti
393 2261 561 2325 uidebitur
584 2261 790 2347 proprietate.
837 2261 1042 2327 Sufficienter
1064 2261 1176 2328 autem
1202 2262 1316 2330 aleres

280 2375 315 2432 et
332 2367 453 2432 uestire
468 2367 567 2431 debet
580 2367 757 2431 secundum
773 2367 919 2432 ordinem
935 2375 970 2432 et
983 2367 1180 2453 dignitatem
1195 2391 1287 2432 man-

279 2471 444 2556 cipiorum.
491 2471 535 2534 Et
555 2469 749 2554 generaliter
768 2471 876 2535 Labeo
897 2470 944 2534 ait
966 2471 1001 2533 in
1022 2471 1172 2536 omnibus
1191 2472 1316 2537 rebuss

278 2575 452 2640 mobilibus
467 2573 600 2638 modum
616 2595 691 2638 eum
705 2579 816 2638 tenere
832 2572 958 2650 debere,
968 2595 1010 2637 ne
1025 2595 1083 2638 sua
1094 2573 1222 2640 feritate
1234 2574 1289 2639 uel

256 2701 258 2710 ·
279 2680 417 2744 saeuitia
431 2702 470 2744 ea
484 2686 686 2762 corrumpat:
710 2677 854 2761 alioquin
869 2677 968 2742 etiam
984 2676 1055 2764 lege
1066 2678 1201 2763 Aquilia
1212 2701 1287 2743 eum

279 2781 453 2848 conueniri.
582 2783 583 2788 ’
610 2781 663 2859 Et,
695 2779 723 2844 si
752 2779 1023 2845 uestimentorum
1052 2801 1129 2844 usus
1163 2779 1319 2846 fruetusa

278 2887 403 2972 legatus
425 2886 479 2964 sit,
500 2907 565 2950 non
587 2883 632 2948 sic
654 2891 694 2948 ut
712 2882 906 2970 quantitatis
920 2904 998 2948 usus
1013 2882 1136 2948 fructus
1151 2884 1287 2970 legetur,

278 2989 452 3056 dicendum
479 2995 530 3052 est
555 2987 603 3052 ita
628 2987 679 3051 uti
706 3009 781 3052 eum
806 2986 932 3063 debere,
956 3008 998 3050 ne
1023 2986 1196 3052 abutatur:
1228 3011 1288 3054 nec

279 3103 390 3159 tamen
419 3093 610 3168 locaturum,
637 3091 715 3175 quia
743 3090 795 3155 uir
823 3091 927 3154 bonus
956 3089 1005 3154 ita
1033 3113 1100 3154 non
1129 3099 1286 3157 uteretur.

280 3196 418 3262 Proinde
452 3203 487 3261 et
518 3195 547 3259 si
576 3193 740 3258 scaenicae
769 3191 871 3256 uestis
899 3212 977 3255 usus
1007 3191 1133 3255 fructus
1163 3191 1317 3277 legetur5

280 3300 334 3364 uel
357 3299 464 3364 aulaei
485 3298 539 3363 ucl
562 3295 697 3361 alterius
718 3302 900 3380 apparatus,
916 3294 994 3358 alibi
1009 3316 1108 3378 quam
1123 3294 1158 3358 in
1173 3317 1289 3360 scaena

254 3477 255 3480 Ἴ
280 3427 346 3469 non
365 3411 487 3469 utetur.
533 3401 599 3468 Sed
614 3424 657 3466 an
673 3408 707 3466 et
721 3401 824 3465 locare
840 3399 950 3486 possit,
966 3398 1145 3464 uidendum
1160 3407 1231 3465 est:
1254 3409 1288 3464 et

281 3515 362 3593 puto
375 3508 565 3584 locaturum,
581 3512 615 3570 et
629 3504 705 3569 licet
720 3510 856 3568 testator
871 3501 1080 3580 commodare,
1095 3525 1160 3568 non
1175 3503 1287 3586 locare,

281 3611 379 3675 fuerit
399 3609 523 3688 solitus,
539 3617 652 3673 tamen
672 3608 779 3692 ipsum
793 3605 1008 3671 fructuarium
1022 3606 1204 3671 locaturum
1219 3614 1288 3672 tam

282 3715 461 3782 scaenicam
476 3737 574 3798 quam
589 3712 758 3777 funebrem
774 3707 925 3776 uestem⁴.

118 3827 228 3904 aearr'c-
347 3816 560 3905 Proprietatis
585 3815 735 3885 dominus
761 3836 827 3877 non
856 3811 988 3878 debebit
1017 3811 1176 3899 impedire
1205 3813 1319 3880 fruc-6

119 3900 229 3940 tamon
281 3921 424 3986 tuarium
449 3919 497 3985 ita
518 3925 675 3995 utentem,
698 3939 740 3981 ne
761 3915 955 3981 deteriorem
977 3915 1047 3980 eius
1069 3914 1289 3981 condicionem

118 3971 201 4005 owner
208 3973 216 4004 .'

114 4021 262 4150 mm
280 4025 386 4091 faciat.
439 4023 491 4098 De
521 4021 716 4108 quibusdam
743 4021 840 4107 plane
870 4019 1049 4097 dubitatur,
1077 4019 1105 4084 si
1134 4042 1210 4084 eum
1238 4021 1289 4085 uti

349 4193 357 4226 ¹
376 4195 419 4242 Ita
429 4193 510 4250 Hal.;
523 4191 639 4240 fructum
653 4191 730 4242 codd.
809 4188 819 4220 ²
835 4191 879 4238 Ita
890 4189 950 4239 dett.
965 4190 1059 4246 Oodd.,·
1073 4203 1135 4238 usus
1148 4188 1248 4269 fructus
1259 4191 1289 4238 F.

349 4276 359 4308 ³
376 4274 636 4324 balnistorem‘Codd.
648 4275 760 4323 Momm.

349 4356 360 4388 ⁴
376 4356 436 4405 Post
448 4357 547 4407 uestem
559 4357 604 4406 ua.
619 4357 643 4404 F
653 4370 682 4404 aa
693 4352 790 4403 incerta
802 4369 877 4412 niuno
889 4352 911 4402 si
923 4353 998 4403 lanae
1009 4351 1095 4404 alicui.
