3108 5076
281 379 322 440 10
649 371 918 458 irasc-117.

278 533 458 620 prohibeat,
482 555 525 600 an
551 533 620 599 iure
646 533 680 598 id
706 533 825 600 faciat:
855 544 894 600 ut
916 543 997 620 puta
1020 535 1130 616 doleis,
1152 537 1180 601 si
1202 537 1286 602 sorte
1329 561 1332 566 ·

279 639 372 704 fundi
386 640 602 705 ususfructus
616 639 659 703 sit
674 639 810 724 legatus,
820 647 854 704 et
868 647 987 725 putant
1001 640 1142 725 quidam,
1153 640 1214 706 etsi
1229 641 1285 706 dc-

281 743 366 807 fossa
375 743 449 820 sint,
458 743 507 806 uti
517 739 768 828 prohibendum:
783 742 870 806 idem
881 743 958 807 etin
967 744 1059 808 seriis
1068 753 1102 809 et
1117 745 1153 808 in
1168 745 1283 830 cuppis

279 855 314 911 et
325 847 359 910 in
370 847 457 912 cadis
470 855 504 912 et
515 846 679 931 amphoris
692 855 831 931 putant:
853 847 942 912 idern
956 847 1040 912 etin
1056 849 1284 934 specularibus,

278 949 307 1014 si
326 949 441 1014 domus
462 969 540 1014 usus
561 951 686 1014 fructus
707 949 854 1034 legetur:
884 951 940 1014 sed
964 971 1023 1036 ego
1044 959 1134 1036 pute,
1157 951 1220 1016 nisi
1241 951 1285 1015 sit

278 1053 437 1118 contraria
450 1052 610 1128 uoluntas,
620 1051 719 1116 etiam
734 1052 988 1116 instrumentum
1003 1049 1095 1117 fundi
1108 1054 1160 1118 uel
1170 1054 1287 1118 domus

115 1181 217 1258 ems.
278 1158 444 1223 contineri.
597 1154 662 1222 Sed
688 1179 748 1222 nec
777 1157 970 1222 seruitutem
996 1154 1160 1244 imponere
1183 1158 1314 1223 fundo?

115 1253 169 1360 22⁰2
180 1245 210 1309 0!
278 1271 386 1349 potest
400 1261 630 1349 proprietarius
645 1281 705 1327 nec
718 1262 870 1326 amittere
882 1262 1094 1328 semitutem:
1116 1262 1285 1350 adquirere

114 1375 263 1436 scrutata,
279 1368 374 1451 plane
400 1366 593 1430 seruitutem
617 1387 692 1430 eum
721 1385 815 1449 posse
844 1365 944 1429 ctiam
974 1365 1081 1429 inuito
1110 1365 1285 1430 fructuario

279 1465 427 1534 Iulianus
462 1468 598 1553 scripsit.
658 1467 786 1548 Quibus
822 1477 1055 1554 consequenter
1090 1469 1286 1533 fructuarius

278 1573 409 1658 quidem
431 1571 599 1656 adquirere
614 1570 714 1634 fundo
729 1570 921 1634 seruitutem
937 1593 1001 1634 non
1017 1579 1133 1655 potest,
1148 1571 1286 1636 retinere

279 1684 390 1739 autem
410 1682 537 1760 potest:
562 1681 595 1737 et
615 1673 643 1736 si
663 1673 746 1737 sorte
764 1672 886 1737 fuerint
901 1693 967 1737 non
981 1682 1096 1738 utente
1111 1673 1285 1738 fructuario

253 1777 424 1854 amissae,
448 1776 508 1840 hoc
537 1797 666 1861 quoque
696 1775 829 1839 nomine
855 1775 1029 1840 tenebitur.
1075 1773 1286 1861 Proprietatis

280 1879 431 1944 dominus
450 1899 493 1943 ne
512 1877 645 1963 quidem
665 1877 889 1942 consentiente
902 1878 1078 1942 fructuario
1093 1880 1286 1944 seruitutem

280 1983 447 2068 imponere
468 1991 586 2067 potest,
610 1981 622 2057 ll
645 1981 709 2045 nisi
731 1980 803 2066 per¹
829 2002 928 2064 quam
954 1981 1094 2047 deterior
1118 1983 1286 2048 fructuarii
1302 1999 1350 2042 ιο.
1367 1991 1458 2040 Pauu-

280 2085 425 2153 coudicio
449 2109 515 2152 non
544 2087 611 2166 fiat,
636 2087 741 2152 ueluti
771 2088 798 2152 si
827 2089 927 2152 talem
957 2091 1149 2155 seruitutem
1178 2091 1286 2156 uicino
1299 2056 1453 2173 {imm

117 2205 239 2332 &villius
280 2194 471 2258 concesserit
499 2193 551 2256 ius
577 2190 640 2258 sibi
669 2212 734 2256 non
763 2213 834 2257 esse
862 2192 960 2257 altius
985 2194 1106 2261 tollere.
1164 2195 1285 2260 Iocum
1301 2212 1349 2254 ιν.
1372 2204 1457 2320 Upim-

117 2286 131 2318 0
240 2285 254 2318 0
1299 2285 1394 2320 ANUM

117 2337 166 2384 reli
183 2337 226 2384 ion

165 2351 181 2398 ⁹
227 2370 234 2394 ’
281 2399 367 2464 ario:
387 2407 420 2463 et
435 2399 497 2462 hoc
510 2419 625 2462 uerum
641 2406 690 2462 est
704 2398 815 2462 fauore
831 2397 1002 2482 religionis.
1040 2399 1105 2463 Sed
1121 2399 1286 2464 interdum

281 2509 315 2564 et
337 2500 423 2564 solus
445 2499 651 2584 proprietatis
673 2499 825 2563 dominus
844 2499 951 2563 locum
973 2499 1157 2584 religiosum
1182 2501 1286 2565 facere

281 2613 408 2690 potest:
437 2603 525 2688 finge
548 2603 636 2667 enim
661 2625 737 2668 eum
761 2611 950 2668 testatorem
975 2603 1101 2681 inferre,
1123 2627 1197 2668 cum
1221 2627 1286 2668 non

114 2741 210 2790 powers
281 2715 365 2772 esset
390 2715 459 2771 tam
485 2714 643 2791 oportune
670 2706 728 2770 ubi
749 2706 945 2790 sepeliretur.
1099 2707 1150 2770 Ex
1174 2729 1220 2784 eo,
1244 2727 1315 2776 nel

118 2793 267 2842 ⁰⁰⁶⁷⁸²⁴¹¹’“·
281 2810 472 2875 deteriorem
494 2809 714 2873 condicionem
736 2808 904 2872 fructuarii
926 2809 1023 2873 faciat
1049 2810 1286 2895 proprietarius,
1336 2861 1340 2868 .

280 2915 362 2980 solet
387 2913 511 2999 quaeri,
535 2935 577 2976 an
603 2934 734 2976 seruum
759 2912 909 2976 dominus
934 2935 1078 2978 coercere
1101 2915 1221 2999 possit:
1252 2917 1286 2978 et

279 3019 389 3084 Aristo
409 3017 496 3103 apud
517 3016 666 3081 Cassium
688 3023 781 3078 notat
796 3015 1017 3099 plenissimam
1032 3037 1107 3080 eum
1122 3018 1286 3083 coercitio-

279 3147 355 3190 nem
377 3123 506 3199 habere,
527 3121 554 3185 si
576 3120 672 3185 modo
694 3119 764 3184 sine
787 3120 860 3184 dolo
883 3122 1106 3188 malefaciat:
1136 3125 1286 3208 quamuis

280 3227 540 3294 usufructuarius
563 3243 623 3290 nec
652 3225 820 3290 contrariis
850 3225 981 3311 quidem
1011 3227 1199 3292 ministeriis
1228 3237 1286 3294 aut

279 3333 445 3398 inusitatis
464 3325 637 3395 artificium
658 3329 731 3394 eius
748 3351 950 3414 corrumpere
965 3331 1066 3416 possit
1079 3353 1142 3396 nec
1154 3353 1286 3398 seruum

280 3436 484 3502 cicatricibus
496 3433 683 3499 deformare,
727 3432 962 3518 Proprietarius
977 3443 1088 3500 autem
1104 3445 1137 3500 et
1154 3457 1285 3502 seruum
1298 3462 1314 3509 a

281 3561 387 3605 noxae
413 3539 532 3603 dedere
561 3539 691 3623 poterit,
718 3538 746 3602 si
776 3538 837 3602 hoc
862 3539 933 3602 sine
962 3540 1036 3604 dolo
1065 3542 1150 3605 malo
1178 3543 1285 3623 faciat,

281 3643 435 3728 quoniam
460 3663 566 3706 noxae
585 3641 708 3706 deditio
733 3641 805 3707 iure
826 3665 891 3706 non
916 3643 1057 3727 peremit
1083 3665 1179 3708 usum
1201 3647 1285 3712 fruc·

280 3757 362 3825 tum,
380 3769 445 3810 non
466 3745 569 3832 magis
588 3768 687 3832 quam
709 3747 860 3831 usucapio
883 3747 1095 3832 proprietatis
1110 3771 1194 3835 quae
1212 3764 1286 3838 post

280 3850 496 3916 constitutum
519 3871 613 3914 usum
641 3850 783 3914 fructum
813 3845 980 3935 contingit
1025 3849 1168 3918 Debebit
1189 3856 1285 3940 plane

279 3955 433 4040 denegari
452 3975 530 4018 usus
550 3955 676 4018 fluctus
692 3954 881 4038 persecutio,
897 3955 924 4018 si
945 3955 975 4018 ei
996 3956 1053 4040 qui
1073 3978 1177 4023 noxae
1197 3983 1285 4026 acce-

279 4060 329 4145 pit
346 4058 414 4123 litis
435 4057 620 4122 aestimatio
641 4079 706 4121 non
729 4058 883 4122 offeratur
897 4075 918 4120 a
932 4058 1114 4126 fructuario.
1161 4063 1197 4128 Si
1212 4067 1314 4149 quise

280 4183 411 4228 seruum
440 4159 601 4235 occiderit,
623 4159 739 4223 utilem
769 4159 930 4224 actionem
960 4164 1108 4248 exemplo
1134 4165 1285 4252 Aquiliae

278 4265 454 4333 fructuario
469 4263 610 4330 dandam
625 4286 805 4349 numquam
822 4257 981 4330 dubitaui.

535 4391 545 4424 ¹
561 4405 607 4454 per
618 4406 662 4440 om.
674 4393 712 4450 ΡΒ·
732 4393 780 4439 ins.
792 4392 841 4440 clii
854 4393 930 4440 Ccdd.
941 4399 966 4440 et
976 4393 1032 4441 cdd.

280 2305 393 2361 autam
413 2296 598 2380 religiosum
620 2296 726 2360 facere
745 2303 852 2379 potest
866 2297 1088 2362 consentiente
1103 2299 1286 2362 usufructu·
1300 2336 1361 2386 aab.
1373 2351 1456 2390 xvm.
1538 2277 1540 2388 l
