3108 5076
822 375 828 384 x

592 387 604 450 l
622 389 669 452 13.
686 387 832 472 pre-§4

397 611 489 680 What
511 613 540 678 is
562 607 624 680 due
645 601 795 678 Eaerci'se
817 612 858 700 of
880 612 1054 699 Ususrnctl

47 765 197 828 Foctuary
283 751 319 817 Si
349 752 441 816 ouius
470 751 517 816 rei
546 773 625 816 usus
652 751 777 816 fructus
808 750 936 836 legatus
964 751 1282 840 erit,dominus1⁸·
1310 755 1380 803 man

49 831 185 889 mmm
216 861 325 940 potest
354 853 388 918 in
418 875 457 918 ea
485 877 520 920 re
549 853 794 919 satisdationem
827 852 1018 932 desiderare,
1047 863 1086 919 ul
1116 820 1340 936 OffiOiOiiniib

217 958 331 1024 iudicis
346 958 407 1024 hoc
421 959 498 1025 fiat:
528 981 605 1022 nam
627 957 723 1023 sicuti
741 957 841 1022 debet
862 957 1059 1024 fructuarius
1073 960 1125 1024 nti
1147 961 1220 1036 lrui,

216 1063 265 1128 ita
279 1071 314 1129 et
333 1063 538 1149 proprietatis
558 1063 709 1127 dominus
730 1083 860 1126 securus
878 1084 947 1128 esse
970 1063 1068 1128 debet
1087 1064 1128 1128 de
1148 1087 1220 1150 pro-

217 1169 363 1253 prietate.
408 1168 499 1232 Haec
514 1176 624 1231 autem
641 1166 682 1230 ad
698 1187 828 1230 omnem
848 1188 944 1230 usum
964 1167 1107 1232 fructum
1122 1168 1221 1252 perti-

217 1292 293 1334 nere
317 1269 464 1335 Iulianus
481 1270 563 1334 libro
581 1268 770 1352 trigensimo
791 1275 905 1331 octauo
929 1267 1129 1352 digestorum
1149 1291 1221 1353 pro·

218 1376 292 1440 bat:
329 1375 356 1438 si
382 1397 460 1439 usus
488 1375 611 1437 fructus
637 1373 764 1457 legatus
793 1372 844 1446 sit,
871 1395 936 1435 non
963 1372 1054 1457 prins
1078 1373 1220 1438 dandam

217 1481 378 1544 actionem
399 1478 645 1554 usufructuario,
662 1499 760 1562 qnam
781 1477 987 1542 satisdederit
1008 1499 1042 1542 se
1060 1478 1138 1542 boni
1156 1478 1221 1543 uiri

218 1583 376 1648 arbitratu
405 1603 542 1645 usurum
565 1581 749 1644 fruiturum.
806 1579 871 1644 Sed
899 1589 933 1644 et
957 1580 984 1644 si
1010 1581 1120 1666 plures
1143 1581 1219 1654 sint,

217 1711 238 1751 a
265 1687 384 1773 quibus
409 1707 485 1749 usus
510 1685 635 1749 fructus
665 1684 797 1748 relictus
826 1691 883 1759 est,
911 1685 1049 1770 singulis
1073 1685 1221 1750 satisdari

217 1801 352 1879 oportet.
399 1792 483 1858 Cum
506 1793 608 1878 igitur
629 1792 670 1856 de
690 1793 876 1857 usufructu
897 1793 1014 1878 agitur,
1032 1817 1097 1858 non
1116 1793 1250 1859 soluml

217 1897 305 1984 quod
336 1898 458 1962 sactum
493 1905 543 1961 est
573 1895 757 1975 arbitratur,
792 1895 848 1961 sed
879 1897 979 1962 etiarn
1011 1898 1044 1962 in
1074 1899 1221 1963 futurum

51 2018 203 2067 tintinna
219 1999 492 2088 quemadmodum
517 2001 568 2064 uti
591 2001 655 2064 frui
677 2001 784 2067 debet.
828 2002 879 2066 Dc
902 2002 1087 2087 praeteritis
1109 2012 1251 2068 autema

49 2084 82 2143 ⁰s
191 2137 194 2142 ·
218 2106 344 2171 damnis
359 2104 553 2169 fructuarius
569 2104 669 2168 etiam
684 2105 755 2190 lego
776 2105 911 2190 Aquilia
925 2114 1057 2171 tenetur
1072 2116 1106 2172 et
1121 2107 1223 2172 inter·

24 2204 27 2210 ’
218 2210 304 2273 dicto
330 2208 433 2294 ‘quod
455 2207 489 2272 ui
512 2217 570 2272 aut
590 2208 691 2286 clam,'
712 2218 751 2274 ut
771 2209 920 2273 Iulianus
939 2210 1005 2274 ait:
1038 2233 1115 2274 nam
1137 2211 1222 2275 fruc*

218 2312 361 2378 tuarium
388 2334 518 2398 quoque
543 2312 646 2376 teneri
673 2311 724 2376 his
753 2312 935 2377 actionibus
965 2335 1025 2378 nec
1050 2335 1116 2378 non
1141 2315 1222 2379 furti

218 2427 343 2482 certum
369 2427 428 2495 est,
454 2417 538 2482 sicut
562 2417 744 2503 quemlibet
768 2417 878 2494 alium,
904 2418 1020 2502 quiin
1049 2417 1157 2483 aliena
1185 2441 1220 2484 re

218 2524 284 2587 tale
307 2523 387 2607 quid
412 2523 616 2588 commiserit.
661 2523 813 2608 Denique
828 2524 1002 2600 consultus,
1020 2545 1084 2608 quo
1100 2525 1222 2588 bonum

218 2627 283 2690 luit
304 2625 463 2690 actionem
485 2625 629 2710 polliceri
652 2630 845 2709 praetorem,
862 2637 936 2688 cum
956 2634 1120 2709 competat
1140 2627 1222 2710 legis

218 2729 370 2815 Aquiliae
386 2729 478 2806 actio,
495 2727 669 2814 respondit,
685 2727 765 2812 quia
778 2733 855 2790 sunt
870 2749 970 2804 casus,
982 2724 1101 2812 quibus
1117 2739 1221 2794 cessat

218 2833 371 2919 Aquiliae
401 2832 494 2909 actio,
524 2832 596 2896 ideo
626 2832 767 2896 iudicem
797 2830 876 2910 dari,
903 2838 941 2894 ut
966 2831 1035 2894 eius
1061 2832 1220 2896 arbitratu

50 2955 148 3002 incar
160 2954 191 3017 os
217 2944 350 3000 utatur:
381 2957 458 2998 nam
477 2934 535 3019 qui
552 2957 666 3020 agrum
686 2956 751 2998 non
774 2934 962 3018 proscindit,
982 2934 1039 3020 qui
1055 2934 1141 2999 uites
1155 2957 1221 3000 non

51 3020 156 3081 malaca
217 3039 367 3118 subserit,
388 3039 468 3103 item
490 3061 649 3124 aquarum
670 3038 787 3103 ductus
807 3040 967 3124 corrumpi
994 3039 1130 3124 patitur,
1148 3040 1221 3125 lege

217 3143 353 3230 Aquilia
377 3165 442 3207 non
466 3151 605 3208 tenetur.
661 3143 785 3206 Eadem
810 3151 844 3208 et
867 3143 902 3206 in
926 3145 1055 3208 usuario
1085 3144 1224 3208 dicenda

50 3261 162 3322 napata
217 3257 302 3316 sunt.
357 3247 422 3314 Sed
449 3247 476 3312 si
501 3247 587 3311 inter
612 3247 694 3311 duos
716 3247 907 3312 fructuarios
929 3249 972 3312 sit
994 3249 1250 3326 controuersias

44 3327 161 3453 dmin
217 3349 366 3417 Iulianus
399 3350 481 3414 libro
509 3349 700 3434 trigensimo
731 3357 845 3413 octauo
874 3349 1072 3433 digestorum
1111 3350 1225 3414 scribit

48 3457 127 3506 “M-
217 3455 448 3542 aequissimum
471 3475 541 3518 essa
560 3453 653 3537 quasi
678 3453 841 3517 communi
863 3453 1043 3518 diuidundo
1065 3454 1222 3520 iudicium

217 3561 288 3626 dari
309 3559 365 3624 uel
388 3557 597 3642 stipulatione
616 3557 703 3621 inter
723 3578 756 3620 se
779 3579 832 3621 eos
855 3575 977 3634 cauere,
998 3558 1139 3642 qualiter
1156 3560 1225 3624 ltu-¹
1269 3559 1273 3569 '

49 897 172 957 security.

218 3672 334 3730 antur:
363 3681 420 3726 cnr
443 3660 543 3738 enim,
567 3660 676 3746 inquit
699 3659 859 3737 Iulianus,
879 3660 921 3723 ad
944 3682 1035 3724 arma
1060 3669 1093 3725 et
1117 3662 1220 3728 rixam

216 3766 387 3855 procedere
413 3765 557 3850 patiatur
580 3773 719 3850 praetor,
753 3786 833 3848 quos
864 3773 971 3848 potest
999 3764 1224 3833 iurisdictione

217 3894 277 3936 sua
294 3871 507 3954 componeret
534 3889 633 3951 quam
649 3867 846 3930 sententiam
868 3867 981 3931 Celsus
995 3891 1127 3954 quoque
1140 3870 1225 3936 libro

217 3975 396 4040 uicensimo
410 3973 609 4058 digestorum
624 3971 749 4056 probat,
765 3978 799 4034 et
813 3991 873 4055 ego
888 3980 970 4055 puto
985 3990 1105 4038 ueram.

49 4099 163 4148 Besaro.
284 4076 493 4142 Fructuarius
518 4097 647 4140 causam
674 4073 878 4159 proprietatis
902 4074 1095 4140 deteriorem
1119 4077 1253 4144 faceret

44 4169 188 4292 mmm
218 4205 281 4248 non
306 4181 414 4257 debet,
438 4179 603 4243 meliorem
626 4177 730 4241 facere
752 4185 867 4262 potest.
913 4179 957 4242 Et
979 4185 1037 4242 aut
1059 4180 1151 4243 fundi
1174 4191 1224 4246 est

51 4313 80 4359 in
92 4311 188 4359 rasas
218 4307 295 4352 usus
316 4284 440 4348 fructus
460 4282 595 4366 legatus,
612 4287 646 4344 et
666 4302 731 4344 non
747 4279 843 4344 debet
859 4303 964 4365 neque
980 4282 1109 4347 arbores
1123 4284 1224 4370 frugi-

50 4382 154 4434 ‘M‘t'’
218 4391 300 4456 ieras
316 4387 461 4454 excidere
477 4407 581 4470 neque
597 4385 709 4448 uillam
726 4384 850 4448 dirucrc
867 4385 1108 4468 necquicquam
1121 4387 1223 4453 facere
