3108 5076
668 344 679 408 l
696 345 793 414 27-l
810 349 859 411 29.

378 512 577 599 Rtytts'and
591 514 773 582 Liabilities
788 518 828 602 os
836 519 871 583 F
867 527 1021 606 ructuarp
1026 519 1161 607 further

668 623 856 690 eonadered.

94 759 201 808 Fmata
326 739 372 804 Si·
401 741 581 827 pendentes
619 743 743 808 fructus
781 741 867 808 iam
891 752 1035 810 maturos
1076 745 1261 831 reliquisset
1276 753 1327 798 ²⁷·
1347 741 1426 797 Um·

96 824 246 951 mm
259 851 403 922 testator,
433 846 627 910 fructuarius
653 868 707 911 eos
736 847 827 925 feret,
860 848 964 913 sidio
994 849 1096 935 legati
1126 849 1262 914 cedente
1274 828 1342 930 {²2ss⁵
1350 812 1425 928 ,ll-¹111,

92 955 212 1018 mauce,
259 945 365 1010 adhuc
401 947 580 1032 pendentes
616 948 897 1033 deprehendisset:
945 973 1022 1015 nam
1064 961 1098 1016 et
1139 959 1263 1016 stantes

96 1077 121 1118 ro
134 1071 168 1118 zer
259 1049 383 1114 fructus
412 1051 454 1115 ad
483 1052 697 1116 fructuarium
730 1053 905 1138 pertinent.
1049 1055 1085 1120 Si
1110 1055 1290 1120 deminuet

95 1137 178 1197 ’Μ’
259 1151 372 1216 solitus
395 1152 459 1216 fuit
482 1152 624 1217 tabernis
646 1154 687 1218 ad
710 1175 832 1218 meroes
855 1177 928 1219 suas
950 1156 1001 1220 uti
1026 1157 1079 1221 uel
1101 1155 1142 1220 ad
1164 1178 1262 1244 nego-

258 1255 439 1332 tiationem,
456 1255 570 1341 utique
586 1257 797 1340 permittetur
812 1258 987 1322 fructuario
997 1258 1100 1322 locare
1111 1281 1166 1322 eas
1177 1267 1211 1322 et
1221 1257 1263 1322 ad

258 1359 338 1423 alias
353 1381 481 1436 meroes,
504 1368 538 1424 et
560 1359 642 1423 illud
665 1361 768 1424 solum
785 1361 1032 1440 obseruandum,
1047 1383 1088 1426 ne
1108 1361 1163 1425 uel
1183 1360 1262 1425 abu-

257 1468 348 1526 tetur
363 1461 618 1526 usufructuarius
629 1461 683 1526 uel
697 1461 928 1526 contumeliose
944 1462 1139 1527 iniurioseue
1150 1471 1263 1527 utatur

95 1587 202 1635 terrain
258 1565 465 1630 usufructu.
516 1565 553 1630 Si
579 1567 665 1630 serui
690 1589 767 1630 usus
791 1567 914 1631 fruetus
936 1567 1062 1652 legatus
1088 1577 1147 1646 est,
1170 1567 1291 1632 cuiusr

94 1653 184 1704 ΨΜ·
257 1676 393 1733 testator
408 1669 500 1755 quasi
519 1670 699 1734 ministerio
718 1693 821 1738 uacuo
842 1671 1004 1748 utebatur,
1024 1672 1051 1735 si
1074 1693 1150 1738 eum
1165 1670 1260 1736 disci·
1308 1695 1311 1700 ·

257 1773 355 1858 plinis
369 1773 424 1840 uel
446 1782 514 1839 arte
537 1775 718 1842 instituerit
736 1775 1002 1854 usufructuarius,
1024 1784 1094 1844 arte
1113 1775 1183 1840 eius
1205 1776 1260 1839 nel

257 1878 375 1964 peritia
389 1887 508 1944 utetur.
607 1893 609 1895 ’

94 1995 178 2083 Iciac-¹
323 1983 360 2048 Si
384 1983 463 2068 quid
484 1983 631 2048 cloacarii
655 1983 787 2048 nornine
811 1984 970 2048 debeatur
988 1983 1043 2048 uel
1066 1983 1093 2048 si
1117 1983 1196 2069 quid
1220 1984 1289 2048 oba

94 2067 211 2190 {ffffly
256 2086 393 2151 formam
423 2088 676 2174 aquaeductus,
700 2110 784 2174 quae
808 2110 867 2172 per
893 2110 1007 2173 agrum
1030 2089 1157 2165 transit,
1182 2110 1260 2173 pen-

92 2197 180 2254 topay
256 2189 360 2267 datur,
375 2189 417 2254 ad
439 2214 520 2256 onus
541 2191 710 2257 fructuarii
725 2190 921 2277 pertinebit:
953 2191 1009 2256 sed
1028 2191 1105 2258 etsi
1124 2191 1204 2276 quid
1219 2191 1260 2256 ad

91 2263 172 2316 taxes,
186 2255 231 2308 ὥθ’
255 2295 459 2360 collationem
483 2295 565 2371 uiae,
589 2304 671 2381 puto
696 2295 757 2360 hoc
783 2317 912 2380 quoque
935 2296 1149 2362 fructuarium
1173 2295 1261 2360 subi·
1330 2351 1334 2362 .

254 2407 385 2464 turum:
417 2423 492 2485 ergo
507 2408 541 2464 et
564 2401 651 2485 quod
670 2399 711 2464 ob
730 2400 906 2465 transitum
921 2399 1082 2464 exercitus
1098 2399 1261 2464 confertur

255 2523 295 2564 ex
321 2501 496 2566 fructibus:
529 2500 584 2564 sed
610 2509 644 2564 et
669 2499 697 2564 si
723 2499 802 2586 quid
826 2499 1022 2584 municipio:
1056 2522 1132 2562 nam
1155 2500 1261 2564 solent

254 2627 448 2692 possessores
468 2612 590 2669 certam
611 2613 738 2688 partem
761 2605 926 2666 fructuum
949 2603 1127 2688 municipio
1153 2604 1261 2670 uiliori

254 2709 359 2795 pretio
374 2709 522 2774 addicere
532 2731 540 2788 ;
562 2709 667 2773 solent
677 2715 711 2772 et
723 2707 798 2772 fiseo
809 2706 949 2772 fusiones
959 2715 1132 2791 praestare.
1167 2707 1260 2772 Haec

88 2829 218 2906 wiopmu
254 2835 352 2877 onera
379 2813 420 2877 ad
446 2812 660 2877 fructuarium
691 2812 910 2897 pertinebunt.
967 2811 1003 2877 si
1029 2833 1095 2897 qua
1119 2812 1287 2878 seruitust
1329 2809 1333 2818 ⁴

87 2900 234 3008 ξὲῗῶζξ
254 2919 408 3004 imposita
430 2927 479 2982 est
502 2918 612 2995 fundo,
634 2939 764 2982 necesse
787 2915 922 2980 habebit
944 2914 1140 2982 fructuarius
1162 2915 1258 2981 susti-

253 3047 351 3092 nere:
372 3025 460 3089 unde
485 3033 519 3089 et
539 3025 566 3088 si
586 3047 645 3109 per
659 3023 904 3109 stipulationem
927 3021 1068 3086 seruitus
1090 3021 1257 3100 debeatur,

90 3137 188 3216 andre-
252 3129 341 3194 idern
364 3137 445 3216 puto
476 3128 658 3194 dicendum.
704 3126 771 3194 Sed
798 3135 832 3192 et
861 3127 889 3191 si
919 3149 1032 3192 seruus
1063 3125 1123 3191 sub
1153 3143 1285 3212 poenae

88 3210 226 3254 ''mm''
254 3241 385 3318 emptus
414 3233 457 3297 sit
486 3231 670 3298 interdictis
696 3231 792 3296 certis
818 3230 1021 3315 quibusdam,
1048 3252 1100 3306 an,
1127 3229 1258 3294 sinsus

253 3337 377 3400 fructus
401 3335 471 3400 eius
493 3336 592 3400 fuerit
613 3336 748 3421 legatus,
769 3333 940 3398 obseruare
962 3333 1043 3396 haec
1061 3332 1258 3396 fructuarius

254 3439 393 3506 debeat?
424 3449 458 3504 et
477 3448 558 3525 puto
576 3440 693 3505 debere
713 3462 789 3504 eum
811 3439 1001 3504 obseruare:
1028 3436 1171 3522 alioquin
1192 3460 1257 3503 non

252 3544 329 3610 boni
345 3544 409 3609 uiri
423 3543 584 3608 arbitratu
599 3544 704 3608 utitur
720 3551 754 3609 et
769 3543 895 3608 fruitur.

543 3697 789 3768 Miscellaneous
810 3698 970 3764 Extracts.

83 3819 213 3944 “malj’‘
319 3821 564 3890 Nomismatum
583 3843 753 3888 aureorum
771 3821 825 3888 uel
845 3827 1072 3907 argenteorum
1096 3829 1255 3901 ueterum,
1268 3821 1418 3936 affl?-

253 3924 372 4011 quibus
409 3947 466 4011 pro
502 3923 640 4010 gemmis
669 3923 719 3992 uti
749 3923 864 4002 solent,
895 3945 973 3994 usus
1002 3924 1126 3992 fructus
1156 3926 1257 4012 legen
1269 3951 1330 4004 aab.
1342 3968 1366 4002 v.

278 4035 369 4096 otest.

83 4129 205 4180 enemo
253 4050 276 4114 p
320 4133 479 4202 Omnium
508 4097 666 4202 bonorum
701 4132 811 4202 usum¹
841 4135 984 4204 fructum
1013 4155 1106 4219 posse
1143 4133 1255 4220 legari,
1269 4147 1319 4194 ²⁹.
1339 4098 1443 4192 uim-¹

84 4202 175 4245 ‘m'
253 4237 316 4304 nisi
332 4237 466 4302 excedat
484 4237 649 4303 dodrantis
672 4237 941 4316 aestimationem,
960 4237 1074 4304 Celsus
1096 4237 1177 4301 libro
1198 4237 1256 4301 tri·
1268 4206 1382 4322 ὲῖῗξέ

696 4376 705 4408 ¹
722 4389 771 4424 usu
782 4377 811 4426 F.
