3108 5076
254 343 296 404 14
626 340 829 424 rasso-1
846 343 895 404 ae.

252 498 417 576 locauerit,
446 499 529 564 nihil
560 499 646 584 agit:
677 521 755 562 narn
782 506 817 564 et
842 497 870 562 si
901 520 943 564 ex
973 520 1008 564 re
1032 520 1114 576 mea,
1141 498 1260 586 inquit,

251 625 272 668 a
285 625 338 667 me
354 603 529 688 stipulatus
544 601 596 680 sit,
615 602 699 671 nihil
719 601 797 687 agit,
817 624 883 667 non
903 601 1006 687 magis
1024 624 1124 688 quam
1143 625 1256 668 seruus

251 707 380 772 alienus·
401 707 487 772 bona
513 707 577 770 fide
604 706 686 770 mihi
709 705 853 772 seruiens
873 705 962 771 idem
983 706 1108 791 agendo
1130 707 1259 772 domino

251 811 425 896 quicquam
451 809 605 894 adquirit.
661 809 770 876 Simili
793 810 897 888 modo,
925 810 981 888 ait,
1006 833 1049 875 ne
1075 811 1208 896 quidem
1232 812 1259 876 si

250 935 320 978 rem
335 935 442 978 meam
457 935 477 977 a
499 935 552 978 me
571 913 747 978 fructuario
762 913 929 992 conducat,
944 936 997 980 me
1012 937 1077 978 non
1093 915 1258 1000 obligabit.

251 1019 296 1082 Et
317 1017 512 1104 regulariter
535 1019 679 1084 definiit:
714 1017 801 1104 quod
824 1019 898 1103 quis
921 1019 963 1084 ab
985 1019 1050 1084 alio
1073 1019 1260 1104 stipulando

250 1119 332 1200 inibi
348 1121 498 1207 adquirit,
513 1120 546 1186 id
562 1143 582 1185 a
596 1143 649 1186 me
665 1121 851 1206 stipulando
866 1121 949 1187 nihil
973 1123 1061 1207 agit:
1090 1123 1154 1186 nisi
1168 1124 1260 1200 forte,

251 1226 371 1312 inquit,
386 1226 580 1291 nominatim
597 1227 727 1292 domino
748 1249 806 1292 suo
821 1227 997 1312 stipuletur
1016 1249 1103 1292 ame
1119 1228 1174 1292 uel
1185 1249 1259 1292 con-

251 1328 356 1392 ducat.
501 1329 538 1394 Si
564 1329 644 1394 duos
668 1328 860 1394 fructuarios
880 1351 1039 1414 proponas
1064 1338 1159 1396 etex
1178 1331 1288 1394 alte-6

154 1467 159 1478 ·
187 1427 213 1516 ,⁸
250 1432 318 1497 rins
332 1454 367 1496 re
385 1453 497 1496 seruus
516 1431 559 1498 sit
577 1431 760 1516 stipulatus,
778 1432 953 1517 quaeritur,
968 1441 1079 1497 utrum
1094 1441 1201 1498 totum
1217 1455 1259 1497 an

249 1557 308 1621 pro
322 1543 423 1619 parte,
440 1557 505 1620 qua
519 1535 619 1600 habet
633 1557 729 1599 usum
744 1535 895 1612 fructum,
905 1535 936 1599 ei
951 1544 1133 1620 quaeratur.
1171 1536 1259 1600 Nam

250 1639 339 1704 etin
365 1639 492 1704 duobus
522 1639 626 1704 bonae
653 1637 730 1702 fidei
753 1639 989 1723 possessoribus
1011 1639 1071 1705 hoc
1100 1640 1187 1706 idem
1209 1649 1260 1706 est

251 1743 339 1828 apud
362 1743 553 1809 Scaeuolam
575 1743 737 1830 agitatum
758 1743 841 1808 libro
863 1744 1004 1809 secundo
1020 1745 1257 1830 quaestionum,

251 1856 285 1912 et
300 1847 348 1912 ait
370 1847 465 1932 uolgo
480 1847 639 1912 creditum
660 1847 884 1932 rationemque
907 1848 968 1914 boc
982 1849 1095 1928 facere,
1112 1857 1158 1926 ut,
1176 1849 1203 1913 si
1219 1871 1259 1914 ex

252 1972 287 2014 re
309 1949 442 2014 alterius
465 1950 647 2034 stipuletur,
663 1959 790 2034 partem
813 1951 844 2015 ei
864 1950 1035 2017 dumtaxat
1051 1953 1171 2038 quaeri,
1187 1974 1258 2037 par·
1353 1996 1357 2006 .

251 2063 321 2119 tem
348 2053 497 2118 domino:
527 2055 613 2138 quod
637 2055 665 2119 si
689 2055 883 2120 nominatim
913 2056 956 2120 sit
985 2056 1170 2141 stipulatae,
1199 2079 1259 2120 nec

251 2157 396 2222 dubitari
411 2157 537 2234 debere,
554 2159 632 2242 quin
656 2158 782 2225 adiecto
797 2159 928 2224 nomine
949 2159 1088 2225 solidum
1111 2160 1141 2226 ei
1161 2183 1258 2246 quae-

97 2271 100 2282 '
187 2327 193 2336 ,
251 2272 348 2326 ratur.
388 2261 547 2347 Idemque
562 2263 610 2326 ait
625 2271 658 2327 et
674 2263 701 2328 si
719 2263 809 2328 iussu
824 2265 894 2328 eius
906 2263 1089 2348 stipuletur,
1105 2265 1258 2350 qnoniam

251 2365 376 2428 iussum
401 2386 458 2448 pro
483 2364 614 2429 nomine
633 2365 816 2450 accipimus.
861 2365 955 2430 Idem
976 2373 1010 2430 et
1025 2367 1060 2430 in
1075 2366 1259 2432 fructuariis

252 2467 314 2532 erit
329 2466 509 2544 dicendum,
524 2475 572 2544 ut,
585 2490 649 2552 quo
664 2491 739 2532 casu
760 2490 826 2534 non
844 2477 952 2534 totum
967 2468 1156 2554 adquiratur
1172 2469 1259 2534 fruc·

251 2569 367 2647 tuario,
385 2569 592 2655 proprietatis
609 2571 739 2635 domino
758 2572 820 2636 erit
838 2572 1033 2656 quaesitum,
1047 2571 1200 2658 quoniam
1218 2595 1258 2638 ex

251 2695 286 2738 re
304 2673 472 2738 fructuarii
487 2673 599 2758 quaeri
621 2674 652 2738 ei
667 2696 758 2758 posse
775 2675 981 2740 ostendimus.

322 2777 417 2857 Quod
448 2785 560 2842 autem
596 2777 739 2842 diximus
779 2799 820 2842 ex
860 2801 895 2842 re
933 2777 1102 2844 fructuarii
1132 2777 1186 2842 uel
1217 2788 1286 2842 ex?

197 2963 206 2972 ι
252 2881 356 2966 operis
377 2902 469 2965 posse
484 2879 663 2964 adquirere,
677 2890 789 2946 utrum
804 2888 883 2945 tunc
905 2881 1013 2945 locum
1034 2881 1161 2958 habeat,
1177 2902 1256 2965 quo-

154 3001 159 3011 ·
186 3034 193 3049 .
252 2985 337 3049 tiens
359 2984 428 3049 iure
451 2984 551 3068 legati
571 3005 649 3048 usus
671 2984 795 3048 fructus
818 2983 861 3046 sit
883 2984 1086 3062 constitutus,
1108 3006 1151 3048 an
1173 2991 1207 3048 et
1229 2983 1257 3047 si

251 3109 310 3173 per
333 3087 544 3152 traditionem
573 3087 629 3152 uel
658 3085 903 3171 stipulationem
933 3087 988 3150 uel
1017 3087 1119 3150 alium
1145 3109 1257 3172 quem-

246 3213 391 3278 cumque
414 3191 555 3268 modum,
578 3191 764 3256 uidendum.
809 3188 855 3254 Et
877 3212 954 3254 uera
978 3197 1027 3255 est
1049 3189 1165 3275 Pegasi
1187 3213 1258 3255 sen-

251 3297 365 3374 tentia,
380 3318 478 3382 quam
496 3306 529 3360 et
544 3295 691 3360 Iulianus
706 3295 789 3360 libro
805 3303 896 3383 sexto
912 3293 1037 3360 decimo
1054 3302 1185 3360 secutus
1200 3303 1258 3374 est,

253 3400 358 3464 omni²
374 3399 551 3466 fructuario
567 3399 706 3485 adquiri.

88 3514 241 3566 Remissa
319 3502 356 3568 Si
372 3525 484 3588 operas
498 3524 573 3568 suas
588 3501 743 3575 locauerit
729 3509 871 3566 tseruus
886 3499 1082 3565 fructuarius
1099 3500 1158 3565 ct
1150 3523 1256 3586 mper-
1271 3521 1322 3566 πο.
1338 3517 1418 3566 Pius-

87 3581 193 3694 3ζέζῇ
252 3603 337 3668 fecto
360 3611 506 3689 tempore
528 3603 623 3668 locat
599 3603 696 3668 tronis
726 3625 805 3668 usus
828 3603 953 3666 fructus
982 3601 1152 3680 interierit,
1169 3603 1310 3702 quodHL
1270 3582 1347 3632 ΠΜ
1360 3583 1419 3634 ⁸⁸¹³·

87 3725 178 3760 owner.
252 3714 399 3792 superest
427 3708 470 3773 ad
499 3707 750 3794 proprietarium
779 3705 967 3792 pertinebit.
1011 3705 1138 3772 Sede
1104 3714 1138 3770 et
1160 3707 1188 3770 si
1213 3709 1255 3774 ab

251 3811 347 3876 initio
364 3817 487 3876 certam
504 3833 666 3876 summam
683 3817 815 3896 propter
835 3831 948 3895 operas
963 3817 1066 3874 certas
1081 3809 1255 3896 stipulatus

250 3915 362 3998 fuerit,
377 3915 483 4002 capite
499 3916 665 3982 deminuto
681 3938 719 3982 eo
734 3915 821 3981 idem
837 3914 1011 3981 dicendum
1026 3921 1083 3981 est.

411 4133 422 4168 ¹
437 4136 481 4185 lta
491 4135 627 4186 namnam
637 4149 668 4186 ea
679 4135 743 4188 roni.
759 4134 869 4186 Cuiam.
907 4134 982 4186 otuu
995 4133 1090 4186 omnis.
