3108 5076
247 352 288 414 12
616 347 885 430 las-125.§1.

247 537 318 578 eam
335 513 555 578 condicionem
571 511 774 596 adscriptam,
787 509 959 574 dicendum
976 515 1025 572 est
1041 507 1103 592 ipsi
1115 505 1256 591 adquiri:

247 641 324 682 nam
340 617 424 682 etin
439 615 551 681 mortis
566 637 663 680 causa
677 614 851 678 donatione
867 612 954 676 idem
970 610 1144 675 dicendum
1161 618 1218 674 est.

313 718 378 784 Sed
400 718 495 782 sicuti
515 716 701 803 stipulando
719 715 895 780 fructuario
915 713 1069 797 adquirit,
1086 713 1133 776 it'a
1154 711 1253 776 etiam
1269 723 1320 768 πθ.
1347 715 1422 764 loun

247 821 438 907 paciscendo
479 843 555 886 eum
597 818 768 904 adquirere
809 817 1034 902 exceptionem
1079 815 1255 881 fructuario
1268 783 1324 834 eod.
1336 795 1401 832 ΠΗ·

248 927 397 990 Iulianus
417 925 498 989 libro
514 922 701 1008 trigensimo
718 921 915 1006 digestorum
932 921 1051 984 scribit.
1097 919 1255 1005 Idemque

91 1089 97 1098 .
249 1038 283 1094 et
298 1030 325 1094 si
340 1038 507 1114 acceptum
522 1025 692 1112 rogauerit,
708 1024 934 1089 liberationem
950 1013 980 1088 ei
995 1045 1114 1109 parere.

86 1155 174 1203 Pouer
185 1153 215 1216 os
316 1133 478 1214 Quoniam
493 1139 605 1196 autem
621 1129 764 1194 diximus
784 1128 870 1214 quod
888 1150 928 1192 ex
947 1129 1052 1212 operis
1073 1127 1285 1213 adquiritur1

82 1222 229 1334 mm
248 1237 291 1302 ad
305 1237 516 1302 fructuarium
531 1236 701 1321 pertinere,
717 1233 881 1298 sciendum
897 1241 947 1296 est
962 1233 1063 1296 etiam
1078 1231 1257 1316 cogendum

251 1363 326 1406 eum
353 1340 496 1426 operari:
528 1339 650 1404 etenim
676 1337 835 1401 modicam
861 1357 990 1420 quoque
1012 1334 1267 1418 castigationem·

251 1443 427 1529 fructuario
442 1449 625 1526 competere
641 1439 783 1505 Sabinus
797 1437 968 1522 respondit
978 1446 1012 1502 et
1028 1437 1159 1503 Cassius
1175 1437 1257 1502 libro

252 1554 365 1610 octauo
387 1545 467 1608 iuris
489 1543 752 1627 ciuilis-scripsit,
772 1540 825 1605 ut¹
849 1563 954 1626 neque
977 1548 1137 1626 torqueat,
1151 1563 1258 1626 neque

251 1649 389 1736 flagellis
404 1648 525 1712 caedat.
696 1637 698 1641 ¹

91 1779 185 1840 qurto
319 1753 355 1818 si
378 1752 451 1838 quis
474 1751 651 1815 donaturus
672 1747 909 1814 usufructuario
932 1747 1141 1832 spoponderit
1165 1769 1257 1812 seruo
1272 1759 1324 1802 ²⁴·
1341 1753 1427 1802 Pron-

84 1836 228 1905 sautum
254 1856 289 1920 in
311 1876 409 1940 quem
432 1875 528 1918 usum
544 1852 686 1916 fructum
707 1852 809 1916 habet
831 1851 1013 1938 stipulanti,
1029 1851 1091 1936 ipsi
1113 1851 1258 1916 usufruo·
1271 1833 1304 1934 ξῗ
1316 1817 1350 1868 ad
1363 1817 1427 1869 Sub.

90 1908 199 2022 pppqau
256 1960 363 2023 tuario
393 1958 600 2042 obligabitur,
624 1957 702 2042 quia
731 1966 770 2021 ut
800 1957 831 2021 ei
858 1979 972 2022 seruus
1001 1959 1076 2022 talis
1106 1957 1257 2042 stipulari
1343 1949 1346 1958 ’

254 2062 365 2147 possit,
391 2061 551 2124 usitatum
580 2067 639 2124 est.
685 2059 750 2124 Sed
778 2059 863 2143 etsi
892 2060 969 2144 quid
992 2061 1170 2146 stipuletur
1187 2059 1257 2124 sibi
1272 2080 1322 2122 aa.
1345 2073 1428 2123 Um-

183 2203 184 2206 *
255 2176 313 2231 aut
336 2166 448 2232 Sticho
472 2187 565 2230 seruo
589 2163 765 2228 fructuario
789 2163 930 2227 donandi
954 2187 1060 2242 causa,
1081 2166 1159 2230 dum
1182 2165 1257 2230 uult
1271 2138 1427 2256 §³23⁸ss-

255 2269 431 2334 fructuario
451 2269 656 2353 praestitum,
676 2267 860 2345 dicendum,
885 2267 912 2330 si
943 2268 974 2332 ei
998 2269 1152 2346 soluatur,
1176 2270 1259 2332 fruc·

211 2431 214 2437 .
256 2373 362 2436 tuario
378 2372 513 2456 adquiri.
1253 2381 1255 2384 ’

93 2487 219 2548 Douorflu
321 2476 493 2540 Interdum
514 2485 625 2540 tamen
643 2475 678 2539 in
699 2477 856 2561 pendenti
877 2487 935 2554 est,
955 2476 1007 2542 oui
1032 2478 1184 2564 adquirat
1198 2479 1289 2544 ister

87 2553 223 2666 {whom
256 2580 453 2645 fructuarius
479 2589 626 2644 seruus:¹
648 2587 686 2644 ut
710 2588 793 2664 puta
817 2581 844 2644 si
866 2603 997 2646 seruum
1025 2583 1105 2647 emit
1131 2591 1166 2646 et
1202 2605 1261 2668 per

93 2684 218 2745 acquires.
256 2684 464 2749 traditionem
491 2683 614 2768 accepit
641 2683 781 2748 necdum
805 2684 946 2768 pretium
976 2685 1174 2763 numerauit,
1204 2685 1261 2749 sed

138 2781 141 2789 ’
180 2845 184 2856 ,
257 2787 483 2852 tantummodo
502 2809 560 2871 pro
577 2805 619 2850 ‘eo
638 2786 716 2852 fecit
738 2787 826 2864 satis,
843 2787 973 2851 interim
989 2788 1080 2852 cuius
1096 2789 1147 2866 sit,
1164 2812 1262 2874 quae·
1334 2836 1338 2846 .

160 2911 164 2916 ·
256 2891 357 2956 ritur:
389 2898 423 2954 et
445 2889 593 2953 Iulianus
615 2890 698 2954 libro
717 2890 907 2975 trigensimo
928 2891 1043 2976 quinto
1063 2893 1262 2977 digestorum

258 2993 384 3078 scripsit
399 2993 433 3056 in
456 2992 613 3078 pendenti
629 3014 698 3069 esse
720 2992 902 3057 dominium
918 2994 987 3058 eius
1008 3003 1042 3061 et
1065 3000 1262 3066 numeratio-

257 3119 334 3160 nem
348 3095 447 3181 pretii
466 3094 710 3172 declaraturam,
726 3095 817 3160 cuius
832 3096 894 3161 sit:
923 3120 1000 3161 nam
1023 3099 1050 3162 si
1069 3121 1108 3163 ex
1130 3123 1164 3165 re
1179 3103 1263 3166 fruo-

258 3201 366 3278 tuarii,
381 3207 467 3264 retro
489 3198 658 3264 fructuarii
679 3199 787 3264 fuisse.
834 3201 992 3286 Idemque
1008 3212 1058 3268 est
1081 3212 1115 3268 et
1135 3205 1161 3269 si
1180 3206 1264 3271 forte

137 3295 139 3302 ’
169 3357 173 3369 .
258 3307 434 3392 stipulatus
466 3304 509 3368 sit
542 3325 655 3368 seruus
688 3313 918 3370 numeraturus
948 3309 1140 3391 pecuniam:
1186 3333 1264 3375 nam

258 3409 441 3474 numeratio
455 3407 642 3486 declarabit,
658 3407 711 3472 cui
726 3408 770 3472 sit
785 3409 950 3494 adquisita
965 3411 1142 3496 stipulatio.
1180 3413 1265 3499 Ergo

259 3514 461 3578 ostendimus
475 3513 509 3576 in
529 3511 687 3598 pendenti
708 3533 776 3576 esse
798 3513 988 3590 dominium,
1005 3515 1107 3580 donec
1121 3517 1265 3601 pretium

259 3627 466 3682 numeretur:
492 3617 678 3702 quidergO,
703 3617 730 3680 si
756 3617 872 3682 amisso
895 3641 956 3683 usu
978 3620 1086 3684 fructu
1100 3629 1179 3685 tuno
1193 3645 1265 3706 pre-

259 3723 344 3786 tium
367 3725 581 3786 numereturl
636 3721 784 3785 Iulianus
810 3723 944 3807 quidem
967 3723 1049 3788 libro
1073 3725 1264 3810 trigensimo

260 3825 376 3910 quinto
402 3823 600 3909 digestorum
627 3823 753 3908 scripsit
782 3825 888 3890 adhuc
913 3828 1079 3904 interesse,
1104 3831 1192 3894 unde
1222 3832 1265 3896 sit

261 3927 401 4013 pretium
430 3934 656 3990 numeratum:
696 3927 867 3992 Marcellus
890 3951 967 3994 uero
989 3939 1023 3995 et
1045 3931 1266 3999 Mauricianus

262 4032 378 4098 amisso
401 4052 463 4096 usu
493 4031 601 4094 fructu
625 4031 690 4094 iam
714 4039 834 4116 putant
860 4012 1048 4098 dominium!
1065 4037 1265 4121 adquisitum

262 4134 469 4222 proprietatis
491 4133 641 4198 domino:
673 4134 729 4198 sed
756 4135 878 4200 Iuliani
902 4139 1065 4204 sententia
1093 4141 1267 4209 humanior

467 4343 476 4376 1
493 4345 536 4392 ltu
547 4345 679 4394 Morunuerr
692 4361 746 4396 cum
759 4347 832 4398 Oodd.
839 4365 848 4406 ;
862 4351 887 4398 et
903 4351 959 4399 Uet.
965 4367 974 4406 ,¹
994 4350 1021 4399 ui
1032 4353 1063 4400 F.
