3108 5076
551 370 627 434 1234.
641 367 664 454 's
680 368 755 434 11-1
770 373 820 435 so.
836 392 887 466 pa
1009 369 1011 372 ·
1045 329 1049 338 ’
1178 370 1218 438 17

179 540 181 548 ’
209 524 360 616 legatum
380 527 445 594 noh
465 529 611 613 habebit,
633 531 689 595 sed
715 531 765 594 ad·
781 527 1112 595 Maeuiumsalte'rnis
1126 529 1220 593 annis

215 633 429 705 ususfructus
444 632 635 718 pertinebit:
658 641 700 710 et,
709 633 736 698 si
751 633 859 698 Titius
873 633 1104 718 proprietatem
1119 632 1219 697 alien-

147 763 150 771 ·
216 745 310 814 asset,
326 736 461 804 habebit
476 758 553 800 eum
572 758 666 800 usum
689 736 844 816 fructum-3
866 735 944 820 quia
967 743 1002 800 et
1019 735 1044 800 si
1066 734 1126 800 sub
1146 756 1219 799 con·

216 827 342 904 dicione
366 843 448 904 'usus
473 840 598 904 fructus
627 839 709 902 mihi
738 839 865 924 legatus
878 829 879 832 ¹
894 838 995 903 luerit
1024 847 1057 903 et
1086 837 1219 902 interim

171 1027 173 1032 ³
215 945 448 1030 proprietatem
463 943 505 1008 ab
520 942 638 1008 herede
653 965 812 1028 accepero,
830 942 994 1027 pendente
1013 949 1124 1008 eutem
1144 963 1219 1006 con·-

204 1047 341 1111 :dioione
357 1045 493 1110 eandem
508 1045 705 1123 alienaucrq'
718 1045 760 1108 ad
774 1045 919 1130 legatum
934 1045 1095 1110 admittar.

47 1146 173 1222 Usuraoer
285 1149 323 1213 Si
343 1148 454 1219 colono
476 1157 534 1212 tuo
557 1169 652 1214 usum
671 1149 814 1213 fructum
831 1147 925 1211 fundi
939 1147 1106 1234 legaueris,
1123 1167 1246 1214 usuml

42 1224 204 1340 Zmil&
215 1250 359 1315 fructum
382 1249 565 1314 uindicabit
591 1259 722 1314 etcum
749 1249 867 1316 herede
895 1257 952 1314 tuo
979 1257 1054 1334 aget
1076 1273 1116 1314 ex
1145 1272 1219 1314 con-

216 1354 314 1418 ducto
338 1361 372 1418 et
395 1361 618 1436 consequetur,
642 1361 681 1416 ut
706 1374 812 1437 neque
836 1353 1000 1417 mercedes
1013 1361 1169 1438 praestet·
1186 1363 1220 1416 et

214 1457 385 1542 impensas,
402 1478 484 1542 quas
498 1457 532 1520 in
547 1452 707 1520 culturam
722 1457 850 1534 fecerat,
865 1457 1024 1542 recipiat¹.

46 1571 177 1632 Usafaoer
281 1557 519 1622 Uniuersorum
545 1559 703 1622 bonorum
724 1581 766 1622 an
787 1559 989 1644 singularum
1011 1582 1119 1624 rerum
1142 1577 1248 1625 ususa

45 1637 190 1761 fflfflof
217 1663 339 1726 fructus
376 1662 512 1747 legetur,
550 1661 708 1726 haetenus
742 1663 897 1727 interesse
936 1672 1026 1748 puto,
1063 1665 1158 1748 quod,
1193 1665 1220 1728 si

45 1766 143 1826 object.
220 1766 311 1831 aedes
325 1766 476 1831 incensae
491 1767 625 1844 fuerint.
642 1789 721 1854 usus
741 1767 866 1832 fructus
886 1768 1069 1853 specialiter
1091 1769 1219 1833 aedium
1269 1762 1274 1772 ’

219 1870 344 1954 legatus
369 1870 440 1954 peti
463 1892 529 1934 non
554 1879 669 1954 potest,
695 1870 853 1934 bonorum
883 1879 994 1936 autem
1024 1893 1085 1936 usu
1113 1871 1221 1936 fructu

218 1973 322 2058 legato
349 1995 442 2037 areae
469 1973 694 2037 ususfructus
719 1961 790 2058 peti
815 1975 953 2059 poterit:
987 1975 1140 2060 quoniam
1164 1975 1222 2060 qui

217 2078 373 2142 bonorum
389 2099 518 2142 suorum
535 2101 629 2142 usum
644 2079 785 2143 fructum
800 2079 896 2164 legat,
912 2101 975 2144 non
992 2079 1096 2144 solum
1111 2102 1221 2144 eorum

217 2204 301 2266 quae
327 2183 362 2245 in
385 2181 490 2267 specie
515 2167 600 2258 sunt,
625 2182 681 2246 sed
705 2190 739 2246 et
763 2181 963 2246 substantiae
990 2182 1102 2258 omnis,
1127 2204 1221 2246 usum

216 2287 357 2357 fructum
386 2287 491 2372 legare
513 2286 656 2350 uidetur:
677 2288 710 2350 in
732 2287 916 2370 substantie
935 2295 1046 2352 autem
1064 2287 1222 2352 bonorum

218 2390 318 2454 etiam
328 2413 409 2454 area
424 2399 482 2455 est.
774 2395 777 2402 '

284 2487 330 2557 Si
346 2515 423 2557 usus
447 2493 570 2557 fructus
590 2493 717 2578 legatus
740 2501 798 2576 est,
823 2494 878 2558 sed
904 2494 997 2558 heres
1020 2496 1158 2578 scriptus
1180 2495 1222 2559 ob

128 2608 134 2622 ·
218 2596 278 2660 hoc
302 2596 425 2660 tardius
447 2596 525 2672 adit,
550 2595 587 2660 ut
608 2597 734 2661 tardius
756 2597 797 2660 ad
820 2597 965 2682 legatum
985 2590 1221 2682 perueniretur,

217 2699 420 2786 hocquoque
434 2700 661 2785 praestabitur,
676 2707 715 2764 ut
730 2699 852 2764 Sabino
867 2700 1000 2784 placuit.
1044 2715 1046 2720 ’

283 2803 373 2890 Usus
398 2805 524 2868 fructus
552 2803 639 2868 serui
665 2803 746 2866 mihi
776 2803 903 2888 legatus
930 2811 988 2880 est,
1017 2804 1118 2892 isque,
1148 2827 1222 2871 cum

1236 2498 1285 2554 86.
1314 2505 1383 2554 Inuu

1235 2573 1270 2649 ed
1280 2573 1328 2621 Ur·

1235 2652 1317 2688 serum

1235 2705 1322 2754 Ileroc.
1335 2719 1354 2753 1.

1238 2821 1251 2868 1

171 2927 177 2937 ¹
218 2929 277 2992 ego
296 2905 348 2971 uti
367 2906 614 2984 fruidesissem,
629 2905 712 2970 liber
730 2927 799 2970 esse
820 2907 925 2970 iussus
941 2914 1006 2972 est:
1028 2907 1147 2972 deinde
1163 2931 1223 2994 ego
1272 2934 1275 2939 ·

79 3017 83 3024 '
144 3081 149 3089 ,
217 3011 259 3074 ab
275 3010 395 3074 herede
416 3007 677 3077 aestimationem
692 3009 793 3094 legati
808 3009 886 3074 tuli:
908 3010 1012 3074 nihilo
1027 3013 1130 3098 magis
1146 3035 1221 3079 eum
1292 3021 1295 3028 '
1370 3019 1373 3026 '

170 3121 176 3134 ⁸
216 3115 355 3180 liberum
370 3100 437 3180 fore
453 3115 592 3180 Sabinus
612 3115 787 3200 respondit,
810 3115 963 3209 (namque
983 3113 1088 3181 uidcri
1103 3116 1156 3182 me
1170 3119 1221 3183 uti

215 3219 279 3284 frui
294 3217 503 3305 homine,'pro
518 3220 740 3304 quoaliquam
752 3241 820 3310 rem
831 3220 994 3304 habeam),
1003 3221 1220 3296 condicionem

209 3323 326 3388 ¹autem
338 3324 407 3388 eius
422 3323 581 3388 libertatis
593 3323 728 3390 eandem
745 3343 885 3399 manere,
897 3323 944 3387 ita
956 3333 993 3388 ut
1007 3326 1119 3389 mortis
1130 3347 1220 3390 meae
1268 3372 1271 3379 ·

215 3436 274 3492 eut
289 3428 403 3512 capitis
418 3423 650 3492 deminutionis
665 3427 855 3491 interuentu
870 3426 952 3491 liber
967 3427 1095 3492 futurus
1110 3437 1202 3494 esset.

38 3553 195 3614 chamos
282 3533 348 3612 Qui
377 3554 472 3598 usum
502 3532 645 3596 fructum
675 3553 769 3595 areae
798 3531 973 3616 legauerat,
1003 3533 1143 3598 insulem
1173 3535 1219 3601 ibi

34 3619 134 3679 object,
216 3636 413 3702 aedificauit:
443 3657 482 3700 ea
500 3636 585 3717 uiuo
611 3657 648 3700 eo
675 3635 796 3700 decidit
819 3635 873 3699 uel
899 3635 1103 3726 deustaest:
1124 3661 1218 3704 usum

215 3734 357 3804 fructum
386 3739 496 3804 deberi
526 3738 741 3803 existimauit:
777 3745 890 3802 contra
911 3745 1022 3802 autem
1044 3761 1109 3804 non
1132 3741 1220 3807 idern

216 3843 295 3907 iuris
321 3865 399 3920 esse,
423 3842 451 3906 si
474 3843 598 3907 insulae
628 3864 687 3906 usu
719 3831 835 3906 fructu*
854 3841 960 3926 legato
989 3863 1072 3920 area,
1103 3845 1220 3911 deinde

216 3944 331 4021 insula,
350 3944 437 4008 facta
460 3943 519 4008 sit:
543 3943 695 4028 idemque
720 3965 799 4022 esse,
822 3951 856 4006 et
878 3943 905 4027 si
920 3944 1122 4028 ,scyphorum
1142 3969 1220 4012 usus

205 4037 340 4112 ¹fructus
354 4048 481 4134 legatus
496 4048 548 4124 sit,
561 4047 678 4111 deinde
694 4069 799 4110 massa
813 4047 898 4110 facta
912 4055 947 4111 et
962 4047 1081 4112 iterum
1093 4051 1218 4135 scyphi:

190 4175 191 4180 ¹
215 4150 292 4216 licet
307 4151 394 4216 enim
409 4151 548 4240 pristina
561 4150 701 4235 qualitas
716 4149 909 4234 scyphorum
924 4151 1077 4216 restituta
1091 4153 1219 4231 sitnon

215 4263 323 4320 tamen
342 4255 412 4320 illos
428 4245 504 4331 esse,
521 4276 659 4339 quorum
675 4275 751 4317 usus
766 4253 889 4316 fructus
904 4253 1031 4338 legatus
1045 4256 1096 4322 sit.
1155 4279 1157 4284 ·

340 4373 349 4405 1
367 4374 426 4421 Post
437 4363 545 4434 recipiet
556 4372 630 4452 addit
641 4373 666 4419 F
676 4386 706 4419 erc
718 4373 814 4420 incerta
826 4385 902 4420 moro
913 4371 1095 4422 constitutum.

1115 4480 1133 4538 2

1234 3549 1285 3592 80.
1316 3543 1383 3592 Amt-

1233 3621 1326 3658 rcsuus

1234 3673 1338 3734 Quaest.
1350 3687 1374 3724 v.
