3108 5076
586 375 859 490 lsi—lsrsi.
1120 378 1128 404 ²
1176 409 1224 469 121

30 585 186 661 concep)
265 560 355 634 'Sub
389 569 575 634 condicione
610 592 688 634 usus
719 570 842 636 fruetus
872 569 966 634 fundi
996 591 1017 634 a
1045 577 1080 634 te
1108 567 1226 634 herede
1241 587 1291 655 ⁶⁴:
1305 578 1388 628 *aaa

35 649 201 775 ffijffiff
217 671 306 737 Titio
328 673 456 758 legatus
478 681 549 738 est:
580 681 619 738 tu
640 672 779 738 fundum
801 673 884 738 mihi
905 673 1084 739 uendidisti
1106 681 1140 738 et
1160 667 1228 738 tra'
1239 645 1324 707 Eprst.
1339 659 1380 693 ¹¹¹⁸

37 783 205 842 concinant.
218 775 331 840 didisti
357 777 501 841 detracto
521 799 583 842 usu
605 777 733 843 fructu:
770 790 897 864 quaero,
928 779 956 842 si
985 801 1050 844 non
1081 776 1227 842 extiterit
1310 793 1312 800 ’

218 880 372 957 condicio,
387 888 445 944 aut
465 880 611 945 extiterit
632 889 666 946 et
686 881 812 946 interiit
831 880 1056 960 ususfructus,
1071 881 1112 946 ad
1128 901 1226 965 quem

217 983 389 1069 pertineat.
435 983 634 1068 Respondit:
656 985 810 1070 intellego
825 993 859 1050 te
875 984 915 1054 de
930 985 1113 1050 usufructu
1128 1006 1226 1070 quae·

218 1108 288 1150 rere
318 1087 375 1171 qui
403 1087 530 1172 legatus
560 1095 628 1152 est:
663 1089 786 1174 itaque,
806 1090 833 1153 si
860 1089 1006 1153 condicio
1030 1090 1101 1152 eius
1126 1087 1239 1172 legati·
1319 1075 1320 1084 ἵ

219 1190 375 1268 extiterit,
398 1190 540 1280 dubium·
558 1213 623 1255 non
644 1199 700 1270 est,
724 1192 802 1276 quin
825 1191 867 1255 ad
889 1191 1081 1276 legatarium
1102 1190 1129 1253 is
1142 1211 1226 1254 usus

218 1293 347 1357 fructus·
356 1293 527 1378 pertineat,
542 1303 585 1370 et,
599 1295 626 1358 si
641 1295 750 1379 aliquo
765 1317 841 1358 casu
855 1295 898 1359 ab
913 1317 951 1359 eo
966 1295 1102 1358 amissus
1117 1293 1225 1372 fuerit,

218 1396 259 1468 ad
274 1396 504 1482 proprietatem
518 1397 611 1460 fundi
626 1406 815 1462 reuertatur.
853 1398 946 1477 Quod
962 1398 989 1462 si
1004 1397 1146 1462 condicio
1162 1419 1227 1460 non

219 1501 372 1576 extiterit,
394 1522 473 1564 usus
490 1500 613 1564 furctus
628 1501 674 1564 ad
694 1501 848 1565 heredem
869 1501 1056 1586 pertinebit,
1072 1501 1119 1565 ita
1138 1509 1178 1565 ut
1191 1501 1226 1564 in

189 1618 195 1650 ·'
221 1605 291 1668 eius
305 1615 446 1689 'persona
466 1605 574 1668 omnia
594 1604 707 1668 eadem
722 1612 902 1684 seruentur,
916 1627 1000 1690 quae
1016 1605 1057 1668 ad
1072 1605 1226 1668 amitten·
1251 1653 1252 1656 η
1274 1623 1282 1690 '¹

97 1791 99 1794 Ι
223 1707 300 1771 dum
321 1709 524 1794 usufructum
544 1708 711 1794 pertinent
725 1717 759 1773 et
774 1709 895 1773 seruari
911 1709 1024 1774 solent.
1071 1693 1226 1774 Ceterum
1268 1780 1272 1790 Ι
1323 1781 1324 1784 ¹
1376 1701 1378 1706 ’

123 1814 126 1820 ’
223 1811 257 1874 in
270 1811 436 1876 eiusmodi
458 1811 647 1877 uenditione
669 1813 892 1898 spectandum.
903 1811 938 1876 id
953 1813 1027 1889 erit,
1039 1811 1125 1897 quod
1140 1795 1226 1874 in'ter

219 1913 382 1982 'ementem
408 1917 670 2002 uendentemque
694 1916 891 1993 conuenerit,
915 1924 953 1980 ut
983 1916 1011 1980 si
1040 1915 1226 2000 apparuerit

186 2060 188 2068 ·
219 2007 319 2106 legati
339 2044 436 2086 causa
455 2043 532 2086 eum
547 2044 643 2086 usum
658 2023 800 2088 fructum
815 2029 989 2107 exceptum
1004 2041 1081 2098 esse,
1097 2019 1226 2084 etiamsi

171 2111 173 2114 ¹
216 2125 370 2200 condicio·
392 2147 457 2188 non
489 2119 644 2205 extiterit,
677 2126 807 2192 restitui
837 2148 857 2190 a
886 2124 1056 2189 uenditore
1087 2123 1226 2208 emptori

214 2225 345 2291 debeat.
811 2213 815 2224 ,
857 2220 882 2285 ’,
1155 2285 1156 2288 ,

285 2331 321 2396 Si
350 2331 485 2396 infantis
514 2353 593 2396 usus
617 2331 843 2407 tantummodo
867 2331 995 2416 legatus
1019 2330 1071 2408 sit,
1096 2330 1224 2395 etiamsi
1238 2356 1284 2399 tc.
1300 2349 1384 2398 Pom·

213 2431 469 2498 nullusinterim
481 2435 531 2511 sit,
541 2457 615 2515 cum
626 2442 738 2498 tamen
747 2433 881 2498 infantis
891 2441 1033 2500 aetatem
1043 2434 1224 2513 excesserit,
1236 2429 1376 2542 gfff-{⁸³44

197 2559 285 2602 esse
299 2537 420 2624 incipit,
615 2587 617 2594 ,
711 2556 718 2620 ’Ἴ
1026 2575 1028 2578 -
1059 2569 1063 2580 ·
1125 2593 1126 2596 ,
1167 2569 1169 2576 ·
1213 2546 1305 2600 ¹cium
1315 2537 1385 2594 xxvi.

280 2642 334 2706 An
367 2647 445 2708 usus
473 2643 596 2707 fruetus
627 2643 759 2707 nomine
788 2643 873 2706 actio
903 2642 1220 2730 municipibus'dari
1236 2660 1284 2704 sc.
1299 2654 1381 2730 unus

213 2745 341 2824 debeat,
356 2746 541 2831 quaesitum
562 2743 613 2810 est
625 2769 631 2810 :
645 2745 834 2830 vpericulum
851 2746 939 2810 enim
954 2769 1022 2811 esse
1037 2746 1219 2824 uidebatur,
1233 2719 1380 2846 22¹0?ssss

212 2871 257 2912 ne
278 2851 454 2932 perpetuus
474 2847 576 2924 fieret,
592 2848 670 2934 quia
684 2870 790 2933 neque
805 2857 909 2912 morte
924 2872 984 2914 nec
999 2849 1091 2914 facile
1106 2851 1221 2936 capitis

211 2953 436 3018 'deminutione
447 2953 610 3039 periturus
622 2960 681 3030 est,
693 2975 758 3036 qua
769 2953 893 3016 ratione
905 2947 1083 3038 proprietas
1094 2953 1220 3018 inutilis

213 3066 298 3121 esset
319 3059 430 3122 sutura
449 3079 577 3142 semper
596 3056 790 3148 abscedente
810 3079 871 3120 usu
886 3057 1014 3122 fructu:
1036 3058 1092 3121 sed
1108 3066 1220 3122 tamen

174 3203 187 3218 .<
212 3161 336 3246 placuit
351 3161 492 3225 dandam
507 3183 577 3225 esse
592 3160 761 3228 actionem.
794 3161 900 3226 Unde
911 3183 1049 3245 sequens
1058 3160 1219 3225 dubitatio

212 3267 455 3349 est,'·quousque
470 3263 585 3328 tuendi
601 3271 715 3326 essent
723 3263 759 3326 in
774 3285 811 3327 eo
826 3285 887 3327 usu
902 3263 1220 3346 fructumunicipes:

212 3375 246 3431 et
260 3351 382 3453 placuit
397 3375 528 3430 centum
543 3389 644 3430 annos
659 3366 796 3430 tuendos
812 3389 880 3430 esse
897 3366 1084 3451 municipes
1100 3366 1177 3451 quia
1191 3367 1219 3452 is

211 3469 285 3534 finis
299 3469 389 3533 uitae
404 3468 555 3553 longaeui
570 3468 709 3532 hominis
725 3477 785 3532 est

33 3589 175 3664 lipparem
278 3571 439 3634 Dominus
468 3570 644 3634 fructuario
674 3569 853 3654 praedium,
875 3570 969 3655 quod.
987 3570 1017 3634 ei
1040 3593 1099 3655 per
1119 3577 1215 3636 usum
1232 3598 1280 3641 su.
1307 3589 1369 3638 Pu>-

33 3651 184 3766 ppouppada-
211 3675 352 3752 liuctum
383 3674 555 3756 seruiebat,
581 3674 713 3758 legauit,
738 3674 837 3758 idque
852 3673 1035 3759 <praedium
1059 3675 1217 3760 aliquam·
1230 3670 1347 3785 {2¹:⁸AE

211 3777 268 3841 diu
297 3799 479 3862 possessum
509 3777 684 3862 legatarius
710 3778 882 3841 restituere
905 3777 980 3854 filio,
1007 3777 1064 3862 qui
1088 3785 1217 3844 causam
1231 3801 1276 3837 vn.
1348 3759 1354 3773 ⁸

188 3879 378 3944 'inofficiosi
414 3879 618 3946 testamenti·
641 3888 742 3944 recte
762 3879 952 3964 pertulerat,
987 3888 1116 3944 coactus
1151 3890 1219 3946 est:

211 3970 374 4052 mansisse
403 3985 527 4048 fructus
563 3983 614 4047 ius
650 3983 815 4068 integrum
851 4005 892 4046 ex
916 3992 1004 4068 'post
1041 3985 1126 4049 facto
1162 4007 1218 4071 ap·
1281 3969 1283 3974 ¹

211 4085 327 4171 paruit.
1095 4095 1097 4100 '

30 4212 181 4262 ranutius
275 4189 339 4253 Per
358 4189 643 4254 fideicommissum
664 4189 770 4258 fructu
786 4188 992 4274 praediorum
1007 4189 1049 4254 ob
1063 4189 1246 4262 alimenta1
1296 4244 1312 4256 .,

26 4280 138 4342 samm
150 4277 188 4324 Μ·
211 4293 336 4359 libertis
358 4293 470 4358 relicto
491 4283 635 4379 partium
658 4293 915 4384 emolumentum
936 4317 977 4358 ex
996 4317 1133 4380 persona
1148 4296 1218 4361 uita

153 4485 156 4492 Ι
213 4397 439 4464 decedentium
454 4398 495 4464 ad
512 4399 684 4464 dominum
697 4400 904 4486 proprietatis
919 4400 1066 4466 recurrit.
