3108 5076
552 388 855 497 laea-laps.
1188 393 1208 454 a

200 573 262 615 nus
285 557 405 625 tamen,
430 559 469 615 ut
493 559 690 617 sartatecta
715 551 852 640 habeat:
875 553 902 618 si
925 576 990 640 qua
1016 561 1126 619 tamen
1150 577 1207 620 ue-

199 662 324 719 tustate
344 655 547 734 corruissent,
563 664 717 720 neutrum
738 655 807 741 cogi
829 645 968 736 reficere,
984 657 1040 722 sed
1062 657 1090 722 si
1113 657 1207 723 heres
1241 660 1244 666 ’

200 756 355 835 refecerit,
375 773 544 843 passurum
564 759 778 826 fructuarium
804 760 861 826 uti.
907 761 1006 825 Unde
1031 759 1143 826 Celsus
1165 759 1207 826 de

200 861 296 926 modo
322 871 409 926 sarta
434 871 521 928 tecta
543 862 684 928 habendi
710 865 847 949 quaerit,
873 863 910 942 si,
932 886 1016 950 quae
1042 873 1208 930 uetustate

199 975 398 1045 corruerunt,
412 967 541 1032 reficere
557 991 623 1032 non
637 968 770 1054 cogitur.
817 969 945 1033 Modica
960 969 1061 1054 igitur
1075 969 1207 1035 refectio

200 1069 334 1135 adeum
349 1071 499 1156 pertinet,
515 1071 669 1156 quoniam
692 1080 727 1136 et
748 1072 813 1136 alia
835 1095 933 1138 onera
954 1074 1122 1159 adgnoscit
1143 1097 1206 1139 usu

200 1173 309 1239 fructu
334 1175 461 1260 legato:
489 1184 529 1240 ut
554 1183 636 1260 puta
658 1175 860 1261 stipendium
883 1175 938 1240 uel
964 1177 1126 1242 tributum
1151 1178 1207 1242 uel

200 1278 367 1343 solarium¹
390 1280 446 1344 uel
469 1279 626 1344 alimenta
648 1279 690 1344 ab
715 1301 754 1344 ea
775 1302 810 1345 re
832 1281 962 1346 relicta:
993 1289 1028 1346 et
1049 1282 1097 1346 ita
1119 1281 1207 1346 Mar-

200 1383 300 1447 cellus
330 1383 413 1448 libro
445 1383 542 1448 tertio
579 1383 703 1447 decimo
735 1384 852 1450 scribit.
913 1385 1042 1450 Cassius
1075 1399 1235 1471 quoquae

201 1487 311 1551 scribit
333 1487 415 1552 libro
439 1495 554 1552 octauo
578 1487 657 1551 iuris
681 1487 786 1551 ciuilis
808 1488 1019 1552 fructuarium
1043 1511 1101 1574 per
1122 1489 1206 1553 arbi-

201 1599 288 1656 trum
326 1591 396 1677 cogi
429 1591 569 1668 reficere,
598 1589 873 1675 quemadmodum
902 1591 1049 1656 adserere
1079 1591 1207 1677 cogitur

201 1693 346 1760 arbores:
380 1703 414 1760 et
444 1695 556 1760 Aristo
585 1701 680 1760 notat
709 1695 789 1759 haec
810 1716 889 1758 uera
918 1715 994 1760 esse
1051 1694 1206 1760 Neratius

201 1805 311 1862 autern
327 1799 411 1863 libro
426 1807 541 1884 quarto
564 1799 826 1864 membranarum
850 1797 898 1863 ait
920 1819 985 1861 non
1007 1820 1099 1883 posse
1121 1797 1206 1862 fruo-
1291 1825 1292 1828 ¹

200 1902 343 1966 tuarium
365 1903 538 1987 prohiberi,
560 1925 624 1988 quo
648 1902 756 1966 minus
778 1900 911 1980 reficiat,
932 1900 1010 1986 quia
1031 1923 1091 1966 nee
1115 1919 1206 1966 arare
1282 1952 1284 1956 .

201 2005 363 2090 prohiberi
393 2013 501 2092 potest
533 2015 591 2070 aut
625 2005 747 2069 colere:
782 2025 842 2068 nec
872 2003 977 2068 solum
1011 2005 1205 2070 necessarias

200 2109 390 2174 refectiones
420 2111 592 2187 facturum,
617 2109 674 2174 sed
708 2108 809 2173 etiam
832 2107 1011 2192 uoluptatis
1033 2129 1129 2173 causa
1152 2109 1205 2192 (ut

200 2213 336 2277 tectoria
357 2222 391 2278 et
412 2214 602 2298 pauimenta
625 2221 659 2277 et
681 2211 813 2296 similia)
836 2212 950 2290 facere,
966 2233 1072 2297 neque
1094 2221 1205 2277 auteur
1241 2202 1243 2206 ¹

201 2317 357 2402 ampliare
380 2339 439 2381 nec
463 2317 544 2382 utile
569 2315 739 2381 detrahere
763 2339 864 2401 posse,
879 2316 901 2391 ll
917 2316 1068 2402 quamuis
1089 2315 1206 2381 melius
1220 2333 1370 2412 alcmund

201 2420 399 2504 repositurus
414 2421 474 2486 sit:
498 2443 582 2504 quae
597 2419 760 2484 sententia
774 2441 852 2484 uera
867 2427 925 2484 est.
1219 2401 1295 2452 ml·
1307 2415 1349 2450 ¹¹⁴·

21 2538 171 2602 Rtyaoos
267 2523 354 2588 Item
381 2523 409 2588 si
434 2523 526 2588 fundi
553 2545 631 2587 usus
662 2523 786 2586 fructus
812 2523 855 2587 sit
884 2523 1020 2607 legatus,
1047 2523 1205 2608 quidquid
1219 2539 1368 2590 annuae

15 2609 170 2720 {mm
201 2627 236 2692 in
257 2627 357 2694 fundo
379 2629 531 2705 nascitur,
547 2625 706 2712 quidquid
728 2625 804 2689 inde
825 2626 948 2710 percipi
969 2633 1085 2710 potest,
1104 2625 1206 2711 ipsius
1218 2605 1280 2656 ⁸⁸¹³·
1292 2620 1355 2655 m·

21 2743 112 2788 estate
201 2731 324 2796 fructus
350 2739 409 2808 est,
434 2731 479 2795 sic
500 2739 612 2794 tamen
634 2739 672 2793 ut
694 2727 771 2792 boni
792 2727 854 2791 uiri
876 2727 1035 2791 arbitratu
1058 2727 1204 2794 fruatur:

201 2856 277 2899 narn
297 2843 331 2900 et
350 2835 463 2901 Celsus
484 2835 566 2899 libro
589 2843 703 2898 octauo
725 2832 849 2896 decimo
873 2831 1071 2916 digestorum
1095 2833 1206 2898 scribit

22 2967 56 3002 aa
70 2951 180 3013 repara
201 2937 271 3022 cogi
295 2961 370 3002 eum
392 2960 485 3023 posse
506 2945 593 3002 recte
616 2936 727 3001 colere.
776 2935 870 3000 Etsi
892 2935 1023 3020 apesin
1045 2957 1083 3000 eo
1105 2936 1233 3002 fundol

27 3019 101 3075 ‘³⁶²⁸'
201 3041 274 3118 sint,
305 3065 416 3106 earum
445 3064 575 3126 quoque
604 3063 682 3106 usus
711 3041 836 3106 fructus
866 3041 907 3105 ad
944 3063 1020 3106 eum
1053 3042 1204 3128 pertinet.

25 3155 167 3213 minorata,
201 3145 267 3210 Sed
304 3145 330 3209 ei
360 3145 550 3230 lapidicinos
579 3144 698 3209 habeat
727 3152 761 3208 et
791 3144 933 3229 lapidem
960 3145 1092 3210 caedere
1123 3146 1234 3211 celita

200 3249 254 3314 uel
268 3248 473 3312 cretifodinas
495 3248 615 3312 habeat
634 3247 688 3311 uel
710 3247 858 3325 harenas,
881 3247 1032 3312 omnibus
1055 3247 1106 3312 his
1128 3269 1205 3312 usu-

200 3375 272 3416 rum
289 3353 431 3418 Sabinus
450 3353 499 3418 ait
517 3355 610 3438 quasi
627 3353 749 3417 bonum
769 3360 896 3437 patrem
920 3351 1077 3418 familias:
1105 3375 1205 3438 quam
1271 3412 1273 3416 ,

199 3459 395 3524 sententiam
425 3467 506 3544 puto
534 3479 654 3524 ueram.
714 3456 780 3524 Sed
810 3456 837 3520 si
867 3457 946 3522 haec
971 3456 1105 3522 metalla
1132 3457 1234 3543 posta

198 3584 295 3626 usum
317 3563 459 3626 fructum
484 3562 628 3646 legatum
652 3560 717 3624 siut
744 3560 889 3634 inuenta,
913 3581 988 3624 cunr
1015 3559 1116 3624 totius
1136 3559 1205 3646 agri

198 3666 403 3752 relinquatur
431 3687 509 3730 usus
545 3665 676 3741 fructus,
714 3685 781 3728 non
816 3662 968 3749 partium,
998 3663 1206 3728 continentur

199 3768 315 3853 legato.
372 3767 461 3832 Huic
490 3766 617 3831 uicinus
646 3773 804 3830 tractatus
830 3773 887 3842 est,
913 3764 970 3850 qui
994 3765 1076 3830 solet
1102 3765 1136 3830 in
1166 3777 1234 3832 eo4

96 3877 105 3902 '
199 3872 286 3958 quod
311 3872 445 3938 accessit
473 3869 623 3937 tractari:
669 3879 703 3936 et
729 3870 850 3956 placuit
879 3869 1053 3934 alluuionis
1076 3892 1205 3957 quoque

199 4000 295 4043 usum
310 3979 452 4044 fructum
467 3979 509 4044 ad
523 3978 737 4044 fructuarium
757 3977 927 4062 pertinere.
973 3977 1039 4043 Sed
1055 3977 1083 4042 si
1097 3978 1205 4044 insula

199 4082 293 4147 iuxta
314 4082 453 4146 fundum
467 4082 503 4146 in
525 4081 659 4146 flumine
681 4088 760 4145 nata
780 4077 832 4160 sit,
854 4081 924 4146 eius
946 4103 1041 4164 usum
1062 4083 1204 4148 fructum

198 4186 240 4250 ad
269 4185 483 4250 fructuarium
513 4207 578 4250 non
608 4183 770 4269 pertinere
806 4182 947 4268 Pegasus
976 4183 1097 4262 scribit,
1129 4185 1206 4249 licet

581 4399 590 4432 ¹
608 4399 733 4450 salarium
746 4399 821 4451 Uodd.

1032 4507 1117 4568 1-2
