3108 5076
350 386 371 446 4
699 382 710 445 l
726 383 754 446 9.
770 380 789 466 ᾗ
805 379 880 444 5-1
897 382 945 444 12.
962 401 1007 464 pr.

350 543 541 630 proprietati
564 542 715 608 accedat:
746 563 814 606 esse
840 541 929 606 enim
955 541 1060 606 ueluti
1090 542 1257 628 proprium
1282 544 1357 607 suna

352 649 440 724 dum,
464 648 556 712 cuius
581 645 672 711 usus¹
698 645 821 710 fructus
843 645 884 709 ad
906 653 940 710 te
963 667 1029 709 non
1047 647 1218 730 pertineat.
1263 647 1356 727 Quae

351 752 514 818 sententia
527 759 658 816 nonest
679 750 749 814 sine
773 749 920 815 ratione:
943 772 1030 827 nam,
1053 751 1110 814 ubi
1132 749 1231 816 latet*
1252 751 1356 815 incre-

350 863 510 932 mentum,
536 863 570 918 et
596 875 674 918 usus
703 853 828 916 fructus
857 859 1002 936 augetur,
1029 851 1087 916 ubi
1115 861 1227 916 autem
1256 875 1355 938 appa·

175 981 192 1004 ⁸
261 1015 268 1039 ‚
350 967 401 1023 ret
429 965 621 1043 separatum,
653 956 827 1021 fructuario
860 978 925 1020 non
954 956 1086 1020 accedit.
1131 956 1387 1042 Aucupiorums

350 1083 479 1146 quoque
519 1068 552 1125 et
584 1053 797 1124 uenationum
833 1059 976 1123 reditum
1016 1059 1148 1125 Cassius
1172 1061 1236 1124 ¹ait
1273 1061 1357 1125 libro

351 1171 464 1228 octauo
493 1161 573 1226 iuris
608 1160 713 1226 ciuilis
746 1161 787 1225 ad
821 1161 1034 1226 fructuarium
1062 1162 1243 1247 pertinere:
1280 1185 1355 1248 ergo

351 1275 385 1332 et
414 1266 638 1352 piscationum.
695 1264 868 1329 Seminarii
901 1274 1013 1329 autem
1038 1268 1179 1332 fructum
1203 1266 1284 1352 puto
1314 1267 1387 1331 ads

350 1369 564 1433 fructuarium
586 1365 748 1452 pertinere
770 1366 841 1444 ita³,
869 1375 907 1431 ut
930 1375 965 1432 et
984 1369 1125 1433 uendere
1149 1369 1180 1433 ei
1202 1377 1236 1434 et
1259 1369 1357 1434 semi-

350 1495 428 1537 nare
450 1473 563 1537 liceat:
594 1471 691 1536 debet
715 1481 825 1537 tamen
845 1473 1033 1537 conserendi
1051 1474 1120 1559 agri
1142 1495 1238 1538 causa
1259 1473 1358 1538 semi-2

351 1577 478 1640 narium
498 1582 650 1660 paratum
666 1597 792 1660 semper
813 1598 968 1640 renouare
985 1577 1078 1660 quasi
1099 1578 1355 1642 instrumentum

352 1679 429 1764 agri,
458 1686 497 1742 ut
519 1677 611 1742 finito
641 1701 702 1742 usu
735 1678 843 1742 fructu
876 1679 1007 1743 domino
1043 1680 1243 1746 restituatur.
1301 1681 1387 1747 ln?

352 1781 525 1848 strumenti
559 1790 669 1846 autem
702 1782 843 1846 fructum
880 1783 999 1848 habere
1036 1783 1153 1849 debet:
1191 1784 1357 1849 uendendi
1434 1797 1439 1804 '

270 1935 279 1946 .
353 1893 461 1950 tamen
486 1885 676 1949 facultatem
699 1907 762 1948 non
787 1886 896 1950 habet.
941 1887 1037 1952 Nam
1058 1893 1095 1951 et
1116 1887 1143 1952 si
1161 1888 1256 1952 fundi
1279 1911 1358 1952 usus

352 1989 477 2053 fructus
492 1989 591 2052 fuerit
606 1988 741 2072 legatus
757 1997 791 2052 et
806 1989 849 2052 sit
868 2011 953 2074 ager,
969 1990 1055 2054 undo
1069 1990 1144 2076 palo
1160 1991 1359 2072 infundam,

353 2092 445 2156 cuius
470 2091 691 2156 ususfructus
716 2092 844 2176 legatus
868 2101 925 2169 est,
952 2092 1076 2157 solebat
1101 2103 1195 2178 pater
1217 2094 1359 2158 familias

352 2197 412 2272 uti,
427 2195 482 2260 uel
497 2195 593 2260 salice
608 2195 662 2258 uel
677 2194 866 2271 harundine,
877 2205 957 2280 puto
972 2196 1187 2262 fructuarium
1201 2199 1359 2263 hactenus

336 2298 403 2362 *uti
432 2319 533 2382 posse,
560 2318 601 2360 ne
626 2318 666 2360 ex
692 2318 729 2360 eo
753 2296 885 2373 uendat,
914 2297 978 2361 nisi
1008 2297 1090 2363 forte
1117 2301 1222 2365 salicti
1249 2300 1280 2364 ei
1303 2301 1359 2365 uel

266 2429 269 2434 ·
353 2403 454 2467 siluae
469 2401 587 2488 palaris
602 2401 657 2466 uel
680 2401 889 2466 harundineti
911 2403 1128 2468 ususfructus
1149 2405 1192 2469 sit
1210 2405 1356 2491 legatus:

298 2527 300 2532 ¹
353 2514 432 2572 tunc
447 2506 534 2570 enim
549 2513 583 2569 et
597 2504 738 2569 uendere
754 2513 870 2590 potest.
909 2505 997 2570 Nam
1013 2513 1047 2571 et
1062 2507 1233 2573 Trebatius
1248 2509 1359 2574 scribit

282 2635 283 2640 ¹
353 2609 471 2675 siluam
497 2608 651 2674 caeduam
677 2601 714 2674 et¹
741 2608 994 2674 harundinetum
1025 2633 1116 2696 posse
1146 2611 1359 2676 fructuarium

354 2713 495 2790 caedere,
510 2713 594 2777 sicut
609 2720 702 2798 pater
715 2712 857 2777 familias
875 2712 1039 2789 caedebat,
1060 2722 1094 2778 et
1112 2715 1263 2792 uendere,
1283 2715 1360 2780 licet

355 2825 449 2902 pater
470 2817 609 2880 familias
630 2839 696 2880 non
720 2817 845 2881 solebat
874 2817 1016 2882 uendere
1041 2819 1097 2882 sed
1124 2818 1193 2904 ipse
1219 2820 1289 2884 uti:
1318 2821 1361 2884 ad

354 2921 487 2985 modum
499 2921 587 2986 enim
602 2921 805 2984 referendum
822 2929 878 2999 est,
891 2944 955 2986 non
970 2922 1011 2986 ad
1024 2923 1217 3008 qualitatem
1232 2925 1359 2991 utendi.

355 3028 405 3093 Ex
428 3027 512 3090 silua
534 3025 656 3090 caedua
681 3025 877 3110 pedamenta
900 3033 934 3090 et
957 3049 1062 3091 ramos
1085 3049 1125 3092 ex
1147 3029 1260 3094 arbore
1282 3045 1531 3096 usu-10.Pom-

354 3128 568 3194 fructuarium
602 3135 828 3212 sumpturum:
871 3149 911 3191 ex
950 3151 1015 3192 non
1052 3129 1175 3194 caedua
1210 3131 1245 3195 in
1286 3132 1360 3195 uin·
1374 3113 1509 3226 ‘ffisvffd

356 3256 429 3299 eam
458 3239 676 3318 sumpturum,
700 3231 779 3295 dum
808 3254 850 3296 ne
875 3232 1014 3297 fundum
1037 3234 1230 3300 deteriorem
1254 3236 1359 3302 faciat.

357 3339 369 3414 ll
393 3337 459 3404 Sed
482 3336 509 3402 si
531 3335 667 3422 grandes
693 3337 822 3401 arbores
848 3346 964 3415 essent,
988 3361 1054 3404 non
1083 3361 1175 3424 posse
1205 3363 1259 3406 eas
1289 3364 1361 3406 cae-
1376 3360 1425 3402 u.
1446 3354 1531 3405 Pam.

357 3443 441 3508 dere.
475 3441 487 3516 ΙΙ
520 3439 699 3504 Arboribus
727 3439 847 3504 euulsis
876 3440 931 3507 uel
963 3441 998 3505 ui
1030 3451 1202 3507 uentorum
1226 3444 1342 3510 deiect'
1374 3420 1532 3480 epitalreni

1333 3467 1361 3511 ¹⁸
1374 3484 1407 3533 D'
1442 3490 1482 3536 st.
1497 3503 1525 3536 11.

356 3567 460 3629 usque
482 3545 522 3608 ad
546 3566 642 3608 usum
665 3566 761 3609 suum
787 3553 822 3609 et
843 3545 943 3610 uillae
965 3569 1056 3632 posse
1085 3547 1360 3616 usufructuarium
1377 3501 1527 3618 silemu-

357 3649 441 3712 ferre
463 3647 571 3712 Labeo
593 3646 659 3712 ait:
683 3669 743 3712 neo
758 3648 895 3712 materia
909 3670 985 3712 eum
999 3671 1056 3734 pro
1072 3650 1160 3736 ligno
1174 3673 1318 3733 usurum,
1334 3655 1361 3720 si
1374 3635 1520 3750 ξῖζθχζῇ

358 3749 478 3815 habeat
487 3749 574 3813 unde
584 3757 697 3814 utatur
707 3751 808 3836 ligno:
824 3774 923 3837 quam
931 3754 1127 3818 sententiam
1138 3763 1219 3840 puto
1229 3779 1359 3823 ueram:

358 3853 502 3938 alioquin
525 3861 559 3917 et
581 3853 609 3918 si
631 3862 720 3919 totus
738 3877 814 3940 ager
828 3855 871 3920 sit
886 3855 972 3920 hunc
988 3878 1098 3920 casum
1113 3879 1233 3942 passus,
1251 3883 1362 3926 omnes

359 3958 488 4023 arbores
510 3958 650 4025 auferret
674 3958 887 4023 fructuarius:
917 3958 1087 4024 materiam
1115 3969 1226 4027 tamen
1255 3964 1361 4050 ipsum

360 4061 530 4137 succidere,
547 4070 706 4146 quantum
724 4062 765 4126 ad
786 4061 884 4126 uillae
902 4061 1119 4144 refectionem,
1137 4073 1234 4150 putat
1254 4090 1362 4153 posse:

490 4303 499 4334 ¹
516 4318 565 4352 usu
577 4305 606 4351 F,
772 4303 783 4333 ²
801 4303 865 4352 latet
877 4318 907 4352 er
918 4319 973 4353 mea
984 4307 1064 4363 roni.,·
1076 4305 1162 4355 latitet
1176 4308 1253 4356 Codri.

716 4385 727 4416 ³
742 4385 781 4434 ita
791 4388 880 4434 tamen
891 4388 920 4434 ut
934 4387 1009 4434 Codri.
