3108 5076
675 324 888 411 masa-s
904 331 930 390 5.
1264 329 1303 389 13

300 480 357 554 e'st.
386 479 495 564 'Quod
515 487 546 551 'si
566 502 656 554 exre
676 489 846 575 utriusque
861 491 1002 574 pretium
1026 491 1127 557 fuerit
1151 491 1304 569 solutum,

299 593 340 655 ad
370 602 545 681 utrumque
575 593 756 658 dominium
786 595 950 679 pertinere
984 589 1132 660 Iulianus
1168 595 1304 680 scripsit,
1392 613 1395 618 ·

297 689 421 759 scilieet
443 717 501 780 pro
527 701 598 758 rata
623 693 720 778 pretii
744 694 852 758 soluti.
909 694 995 774 Quid
1025 703 1136 760 tamen
1166 695 1193 758 ai
1222 695 1305 759 forte

298 796 396 861 simul
421 798 555 863 soluerit
575 818 615 860 ex
638 819 673 860 re
699 796 878 882 utriusque,
905 806 1051 883 utputa
1077 798 1188 863 decem
1213 797 1305 862 milia

298 898 396 983 pretii
410 899 541 963 nomine
557 898 741 962 debebatet
757 898 841 962 dena
855 898 954 963 soluit
973 921 1013 962 ex
1032 921 1067 963 re
1083 900 1305 984 singulorum:

298 1003 351 1066 cui
377 1005 481 1091 magis
503 1025 618 1068 seruus
648 1001 822 1086 adquirat?
877 1003 915 1068 Si
938 1004 1164 1068 numeratione
1186 1005 1305 1082 soluat,

299 1105 457 1186 intererit,
487 1106 579 1172 cuius
615 1105 736 1191 priores
772 1129 922 1171 nummos
959 1107 1081 1172 soluat:
1117 1131 1194 1172 nam
1224 1129 1305 1193 quos

295 1219 411 1294 *postea
435 1211 576 1288 soluerit,
603 1219 660 1274 aut
689 1209 868 1275 uindicabit
894 1219 961 1288 aut,
987 1212 1015 1276 si
1037 1211 1158 1276 fuerint
1178 1211 1305 1276 nummi

299 1315 491 1400 consumpti,
514 1315 556 1380 ad
582 1315 818 1380 condictionem
842 1315 1025 1399 pertinent:
1059 1315 1086 1380 si
1108 1338 1185 1380 uero
1207 1316 1304 1380 simul
1361 1325 1365 1330 '

297 1416 334 1480 in
349 1419 475 1482 sacculo
491 1418 597 1496 soluit,
613 1417 697 1481 nihil
713 1418 790 1482 fecit
805 1419 1002 1503 accipientis,
1018 1428 1051 1484 et
1067 1419 1140 1484 ideo
1158 1420 1304 1484 nondum
1340 1417 1365 1501 J
1385 1497 1386 1500 Ἴ
1459 1489 1463 1502 ,

298 1520 477 1606 adquisisse
500 1521 653 1610 cuiquam
676 1520 857 1584 dominium
881 1521 1020 1599 uidetur,
1036 1521 1115 1607 quia
1136 1543 1210 1586 cum
1231 1522 1305 1607 plus

227 1635 231 1639 ’
299 1627 441 1710 pretium
474 1625 573 1690 soluit
602 1647 726 1700 seruus,
764 1647 829 1688 non
866 1625 964 1690 faciet
1000 1649 1151 1691 nummos
1188 1627 1305 1712 accipi·

136 1741 286 1804 Amanica-
299 1728 391 1792 entis
552 1727 589 1792 Si
619 1749 732 1812 operas
759 1750 835 1792 suas
864 1727 926 1792 iste
953 1751 1066 1794 seruus
1092 1730 1249 1794 locauerit
1272 1736 1334 1794 eta

137 1821 173 1854 me
193 1814 213 1896 ι,
299 1833 335 1896 in
353 1830 465 1897 ¹annos
494 1831 638 1917 singulos
668 1840 793 1895 certum
822 1831 948 1916 aliquid
978 1832 1162 1918 stipuletur,
1193 1854 1305 1898 eorum

136 1938 201 1987 aare.
299 1935 433 2022 quidem
449 1959 608 2000 annorum
621 1935 798 2020 stipulati0,
815 1935 933 2020 quibus
948 1958 1026 2000 usus
1040 1936 1164 2001 fructus
1176 1937 1305 2015 mansit,

299 2041 488 2126 adquiratur
516 2041 700 2118 fructuario,
731 2041 938 2126 sequentium
969 2063 1046 2106 uero
1070 2042 1238 2126 stipulatio
1264 2043 1305 2108 ad

293 2143 547 2229 proprietarium
562 2143 679 2207 transit
694 2142 794 2207 semel
808 2143 972 2227 adquisita
991 2143 1176 2221 fructuario,
1191 2166 1305 2229 quam·

299 2248 350 2311 uis
371 2269 437 2310 non
460 2247 562 2311 soleat
582 2245 750 2330 stipulatio
771 2246 872 2310 semel
893 2247 947 2310 cui
969 2247 1116 2332 quaesita
1138 2247 1180 2312 ad
1203 2247 1303 2311 alium
1358 2313 1362 2320 ,
1451 2257 1454 2264 ’

299 2351 437 2416 transire
452 2350 572 2414 nisiad
591 2350 742 2414 heredem
762 2350 816 2414 uel
839 2349 1071 2435 adrogatorem.
1114 2351 1254 2416 Proinde
1274 2351 1301 2415 si

293 2455 381 2520 forte
405 2455 627 2520 ususfructus
649 2453 685 2517 in
711 2475 812 2517 annos
836 2453 979 2538 singulos
1002 2454 1098 2519 fuerit
1119 2455 1247 2539 legatus
1270 2463 1304 2520 et

295 2559 360 2622 iste
376 2580 488 2622 seruus
503 2579 615 2643 operas
630 2578 704 2621 suas
716 2556 836 2621 locauit
851 2564 885 2621 et
900 2557 1074 2642 stipulatus
1090 2565 1139 2621 est
1154 2565 1192 2622 ut
1207 2580 1305 2643 supra

299 2661 454 2746 scriptum
485 2669 543 2739 est,
570 2669 670 2746 prout
694 2659 809 2746 capitis
833 2659 1017 2723 minutione
1043 2660 1181 2724 amissus
1204 2661 1304 2725 fuerit

214 2805 217 2810 ,
299 2759 376 2829 usus
397 2764 531 2840 fructus
548 2787 623 2828 mox
645 2764 824 2840 restitutus,
847 2762 1028 2827 ambulabit
1050 2763 1216 2849 stipulatio
1231 2787 1302 2850 pro-

299 2869 449 2952 sectaque
461 2868 501 2932 ad
514 2867 665 2932 heredem
678 2867 798 2931 redibit
813 2866 854 2930 ad
869 2865 1091 2932 fructuarium.
1179 2869 1302 2948 Quaes-
1316 2887 1332 2934 3

137 2981 227 3030 owner
240 2980 286 3028 aas
299 2967 400 3038 tionis
426 2981 483 3050 est,
510 2995 552 3036 an
576 2973 610 3036 id
633 2971 719 3058 quod
749 2971 878 3056 adquiri
902 2971 1078 3036 fructuario
1100 2995 1167 3037 non
1196 2981 1305 3058 potest
1358 3021 1361 3026 -
1456 3025 1458 3033 ι

136 3047 271 3173 mim
300 3075 512 3161 proprietario
530 3075 728 3160 adquiratur.
781 3075 825 3140 Et
840 3071 989 3139 Iulianus
1004 3075 1136 3160 quidem
1151 3076 1232 3140 libro
1248 3075 1304 3140 tri-

300 3178 446 3265 gensimo
461 3180 577 3263 quinto
593 3180 791 3265 digestorum
807 3178 943 3264 scripsit,
959 3179 1045 3262 quod
1061 3180 1233 3244 fructuario
1248 3181 1305 3246 ad-

295 3283 385 3370 quiri
400 3305 463 3348 non
480 3290 596 3367 potest,
619 3281 831 3369 proprietario
853 3281 973 3366 quaeri.
1019 3281 1172 3367 Denique
1193 3283 1304 3347 scribit

299 3410 385 3465 eum,
399 3387 457 3474 qui
472 3409 511 3451 ex
528 3409 562 3450 re
577 3385 746 3450 fructuarii
764 3385 939 3470 stipuletur
953 3384 1146 3450 nominatim
1161 3387 1305 3473 proprie·

299 3491 382 3556 tario
397 3491 453 3555 uel
467 3490 556 3554 iussu
570 3490 648 3566 eiua,
664 3489 726 3574 ipsi
741 3488 922 3572 adquirere.
941 3549 945 3555 ,
960 3488 1082 3552 Contra
1096 3496 1206 3554 autem
1222 3489 1304 3554 nihil

238 3667 242 3678 Ι
300 3596 377 3681 agit,
389 3595 416 3659 si
431 3617 497 3658 non
512 3617 553 3660 ex
568 3615 603 3659 re
617 3593 787 3658 fructuarii
803 3614 863 3656 nec
875 3614 915 3656 ex
930 3593 1034 3678 operis
1049 3592 1115 3658 suis
1130 3594 1305 3659 fructuario

301 3697 483 3784 stipuletur.
611 3693 734 3762 Seruus
748 3695 944 3760 fructuarius
960 3695 988 3760 si
1002 3718 1097 3760 usum
1112 3697 1254 3762 fructum
1270 3697 1375 3760 in4=
1454 3725 1460 3746 -·

297 3825 334 3868 se
350 3802 420 3866 dari
436 3800 610 3886 stipuletur
628 3808 686 3864 aut
705 3799 774 3864 sine
794 3799 926 3864 nomine
946 3809 1004 3864 aut
1024 3801 1217 3865 nominatim
1233 3800 1305 3887 pro-

300 3905 469 3992 prietario.
488 3905 552 3990 ipsi
578 3904 721 3989 adquirit
747 3905 896 3990 exemplo
920 3905 1006 3969 serui
1030 3907 1217 3985 communis,
1249 3907 1306 3992 qui

300 4011 486 4096 stipulando
510 4032 579 4074 rem
603 4009 698 4074 alteri
722 4031 762 4074 ex
786 4009 925 4074 dominis
951 4009 1042 4074 ouius
1066 4033 1117 4076 res
1142 4021 1201 4090 est,
1223 4013 1306 4077 nihil

139 4123 281 4200 surrepat-
301 4116 379 4202 agit,
406 4114 560 4200 quoniam
589 4136 659 4179 rem
686 4135 777 4178 suam
804 4112 990 4197 stipulando
1021 4114 1093 4198 quis
1119 4115 1202 4178 nihil
1227 4116 1306 4201 agit,

138 4195 182 4302 ili}
191 4189 249 4302 {¹2²}ss
302 4221 396 4286 alteri
412 4219 598 4304 stipulando
614 4218 757 4303 adquirit
773 4217 920 4283 solidum.
1036 4217 1129 4281 Idem
1156 4218 1305 4286 Iulianus
1319 4233 1335 4280 5

140 4320 255 4368 services.
304 4324 416 4389 eodem
441 4323 522 4386 libro
550 4321 695 4406 scripsit:
730 4320 756 4384 si
778 4341 871 4384 seruo
887 4318 1080 4383 fructuarius
1104 4341 1216 4404 operas
1236 4321 1306 4388 eius
