3108 5076
165 996 170 1005 ι
231 1051 585 1145 DIGESTORUM
628 1059 938 1147 JUSTINIANI
980 1053 1219 1190 AUGUSTI

500 1329 660 1438 niani
705 1363 932 1442 sunnin

653 1634 734 1703 TIT.
761 1636 788 1700 Ι.

218 1853 266 1904 DE
300 1853 370 1906 Usu
403 1853 543 1905 FRUGTU
576 1853 622 1905 ET
655 1855 933 1918 QUEMADMODUM
966 1856 1049 1919 QUIS
1081 1857 1223 1908 UTA'I'UR

634 1938 808 1988 FBUATUR.

382 2142 555 2210 character
576 2144 643 2210 aad
667 2144 815 2212 Orestion
837 2144 877 2232 of
898 2143 1059 2232 Usufruct.

49 2277 179 2407 matut
284 2278 380 2344 Usus
402 2280 526 2347 fructus
548 2289 598 2348 est
620 2282 671 2356 ius
696 2283 811 2348 alienis
837 2285 934 2350 rebus
956 2284 1071 2349 utendi
1094 2283 1386 2414 fruenffiifilt’iffnssd

217 2383 308 2448 salua
325 2407 433 2449 rerum
453 2385 644 2451 substantia.
689 2386 749 2452 Est
771 2386 860 2452 enim
880 2387 1100 2452 ususfructus
1119 2387 1170 2453 ius
1188 2410 1223 2451 111
1237 2450 1256 2493 ²
1283 2445 1385 2494 cmm

217 2510 347 2575 corpore
363 2491 426 2575 qun
442 2491 570 2555 sublato
586 2500 619 2556 et
634 2491 742 2577 ipsum
757 2493 828 2557 tolli
842 2515 971 2558 necesse
987 2501 1044 2558 est.
1235 2478 1294 2572 υἷε.
1307 2524 1382 2560 xvm.

50 2603 206 2653 conmutat
283 2593 440 2658 Omnium
469 2595 675 2680 praediorum
705 2595 774 2660 iure
803 2595 903 2682 legati
932 2604 1041 2681 potest
1069 2596 1223 2661 constitui
1236 2605 1266 2647 ⁸·
1293 2598 1376 2648 (tuus

47 2669 139 2717 '‘m‘'
217 2717 295 2761 usus
334 2697 466 2777 fructus,
495 2708 534 2764 ut
566 2700 660 2764 heres
694 2699 846 2764 iubeatur
882 2701 959 2764 dare
995 2699 1093 2765 alicui
1125 2721 1222 2766 usum
1235 2664 1294 2777 5⁰*
1308 2660 1378 2730 ⁰⁰¹&

216 2799 376 2866 fructum:
416 2801 492 2866 dare
530 2811 642 2867 autem
676 2801 888 2888 intellegitur,
924 2802 952 2868 si
987 2801 1153 2868 induxerit
1186 2803 1249 2878 in⁴

215 2902 354 2970 fundum
391 2905 592 2991 legatarium,
628 2928 747 2971 eumue
786 2905 931 2991 patiatur
964 2906 1015 2970 uti
1049 2905 1122 2970 frui.
1177 2906 1221 2972 Et
1332 2980 1334 2984 ¹

215 3006 284 3072 sine
313 3015 511 3076 testamento
540 3018 653 3074 autem
682 3010 711 3074 si
739 3009 812 3095 quis
840 3010 923 3075 uelit
953 3033 1049 3076 usum
1078 3011 1220 3076 fructum

215 3113 420 3189 constituere,
448 3113 650 3199 pactionibus
676 3121 711 3178 et
736 3113 1001 3198 stipulationibus
1031 3114 1064 3179 id
1094 3113 1220 3179 efficere

214 3227 330 3304 potest.
376 3217 547 3284 Consistit¹
572 3226 683 3284 autem
703 3240 782 3283 usus
804 3217 928 3283 fruetus
948 3241 1013 3283 non
1031 3226 1162 3284 tantum
1184 3220 1247 3283 inl

214 3325 316 3390 fundo
339 3333 374 3389 et
397 3323 540 3403 aedibus,
565 3346 681 3388 uerum
705 3322 805 3388 etiam
825 3322 860 3386 in
884 3323 985 3388 seruis
1009 3331 1043 3388 et
1065 3323 1219 3398 iumentis

46 3436 202 3514 quwtt'a
212 3431 394 3515 ceterisque
423 3428 527 3495 rebus
583 3428 637 3493 Ne
665 3434 777 3492 tamen
807 3427 842 3490 in
868 3427 1057 3492 uniuersum
1085 3427 1247 3507 inutiles2

46 3503 166 3562 qaum.
213 3541 322 3598 essent
341 3532 553 3617 proprietates
576 3552 703 3616 semper
725 3529 918 3606 abscedente
941 3552 1002 3594 usu
1019 3529 1136 3608 fructu,
1150 3529 1218 3615 pla·

213 3637 282 3703 cuit
307 3639 402 3702 certis
425 3636 530 3701 modis
555 3635 705 3721 extingui
729 3656 826 3699 usum
850 3635 994 3698 fructum
1020 3633 1120 3698 etad
1145 3655 1217 3719 pro-

137 3782 141 3790 ·
212 3742 386 3826 prietatem
409 3741 538 3808 reuerti.
586 3740 714 3820 Quibus
735 3747 847 3804 autem
869 3738 973 3803 modis
995 3760 1072 3804 usus
1094 3739 1246 3804 fructus3

213 3853 247 3909 et
272 3843 495 3909 constituitur²
518 3852 553 3910 et
576 3843 697 3921 finitur,
721 3842 826 3906 isdem
852 3841 957 3906 modis
982 3842 1083 3906 etiam
1109 3842 1217 3906 nudus

212 3971 290 4014 usus
305 3948 386 4014 solet
400 3957 434 4013 et
449 3949 603 4014 constitui
618 3955 653 4013 et
668 3946 763 4012 finiri.

44 4057 113 4122 May
126 4057 154 4106 ὗε
278 4053 368 4118 Usus
386 4052 509 4117 fructus
531 4053 566 4117 in
588 4052 700 4116 multis
721 4049 846 4115 casibus
866 4072 939 4134 pars
959 4050 1093 4115 dominii
1109 4059 1166 4130 est,
1183 4061 1216 4118 et
1231 4078 1262 4120 ⁴.
1275 4071 1381 4121 Piunus

40 4123 199 4252 {misam
212 4163 330 4238 exstat,
361 4154 449 4240 quod
481 4154 534 4219 uel
569 4175 720 4239 praesens
751 4152 806 4218 uel
837 4174 877 4217 ex
908 4152 962 4216 die
997 4153 1066 4217 dari
1100 4163 1215 4239 potest.
1230 4136 1380 4187 mm·

260 4343 269 4374 ¹
286 4343 329 4392 lta
340 4342 440 4403 aliquot
451 4342 512 4388 dett.
518 4356 527 4396 ;
546 4337 665 4390 constitit
676 4341 706 4388 F.
832 4338 843 4369 ²
859 4340 902 4389 lta
915 4340 976 4390 dett.
984 4358 992 4397 ,·
1007 4319 1130 4390 ⁸constitit
1142 4345 1171 4392 F.

181 4489 187 4496 -
300 4461 330 4509 n.
1111 4446 1126 4504 1
