3108 5076
309 345 348 406 ro
683 347 873 412 rso-134.
890 370 934 434 pr.

306 503 451 588 gensimo
467 507 608 571 secundo
629 507 832 594 digestorum
845 518 879 576 et
898 509 1046 578 Iulianus
1061 508 1147 576 libro'
1158 518 1310 596 sexagen-

307 608 389 674 simo
403 611 507 694 primo
523 613 653 678 scribit:
677 621 717 684 et,
726 621 775 678 est
789 615 906 679 uerius.

27 715 31 719 ’
142 727 284 791 Posterius
374 713 411 779 Si
435 713 462 778 is
489 715 547 800 qui
571 715 664 780 binas
689 716 787 782 aedes
812 717 932 783 habeat
955 717 1093 782 aliarum
1112 740 1213 782 usum·
1228 719 1310 782 fruc·
1324 727 1475 784 aarum.

143 807 231 914 mr·
307 823 379 881 tum
402 817 567 904 legauerit,
582 842 676 906 posse
696 821 849 886 heredem
873 822 1045 888 Marcellus
1065 823 1177 888 scribit
1192 823 1310 888 alteras
1322 793 1473 906 pp'adSab.

307 919 405 984 altius
434 921 575 987 tollendo
605 923 745 988 officere¹
773 925 961 1004 luminibus,
989 926 1143 1010 quoniam
1169 925 1310 990 habitari
1357 999 1362 1020 -.

279 1065 286 1110 J
305 1030 414 1107 potest
443 1024 544 1089 etiam
573 1027 751 1092 obscuratis
780 1027 924 1095 aedibus,
969 1027 1066 1108 Quod
1097 1050 1201 1114 usque
1230 1027 1310 1093 adeo

197 1161 199 1165 ·
305 1127 552 1212 temperandum
568 1137 624 1207 est,
641 1137 679 1194 ut
700 1130 820 1194 nonin
840 1139 948 1196 totum
969 1131 1066 1196 aedes
1089 1132 1310 1212 obscurentur,

304 1229 361 1294 sed
372 1231 535 1296 modicum
550 1233 670 1312 lumen,
682 1234 768 1319 quod
779 1235 1004 1300 habitantibus
1020 1235 1147 1314 sufficit,
1158 1234 1310 1300 habeant

146 1335 221 1386 What
231 1336 293 1386 im
371 1334 420 1398 Ex
445 1357 480 1399 re
495 1336 663 1400 fructuarii
679 1337 778 1404 etiam
798 1337 832 1402 id
850 1339 1066 1424 intellegitur,
1076 1339 1162 1425 quod
1178 1340 1208 1405 ei
1222 1341 1307 1404 fruc·
1322 1357 1372 1402 81.
1406 1351 1477 1400 Imru

142 1399 247 1516 iffi?
305 1439 431 1505 tuarius
451 1440 622 1506 donauerit
637 1443 870 1510 concesseritue
890 1445 944 1508 uel
964 1466 1004 1508 ex
1026 1445 1307 1510 administratione
1322 1415 1356 1466 ad
1368 1416 1433 1468 Sub.
1447 1432 1471 1466 x'

304 1566 411 1610 rerum
428 1545 499 1610 eius
513 1547 697 1632 compendii
712 1569 824 1614 seruus
839 1549 961 1614 fecerit.

141 1657 260 1734 aeterra-
372 1649 410 1714 Si
432 1650 505 1735 quis
528 1673 611 1716 unas
637 1652 741 1730 aedes,
762 1675 842 1737 quas
862 1654 945 1719 solas
968 1654 1076 1733 habet,
1094 1655 1149 1720 uel
1171 1653 1309 1718 fundum
1323 1677 1375 1721 aa.
1388 1671 1477 1721 Pour-

140 1723 238 1838 sswi
304 1753 414 1831 tradit,
437 1755 584 1840 excipere
607 1764 714 1841 potest
737 1757 771 1821 id
797 1757 883 1843 quod
909 1780 1072 1844 personae,
1090 1781 1156 1823 non
1175 1757 1308 1844 praedii,
1322 1739 1451 1852 (ἔξω

304 1865 363 1936 est,
385 1859 490 1923 ueluti
509 1882 606 1924 usum
629 1869 663 1925 et
688 1884 784 1926 usum
804 1863 959 1929 fructum:
983 1863 1040 1928 sed
1061 1871 1094 1928 et
1112 1865 1140 1929 si
1160 1865 1309 1951 excipiat,
1321 1882 1418 1917 mm.

304 1968 343 2025 ut
357 1980 485 2045 pascere
500 1961 629 2026 sibiuel
643 1962 826 2028 inhabitare
841 1964 944 2041 liceat,
950 1963 1046 2029 'ualet
1061 1965 1217 2052 excepti0,
1234 1972 1309 2030 cum

304 2084 344 2127 ex
360 2063 472 2128 multis
483 2065 619 2130 saltibus
627 2066 774 2151 pastione
784 2069 908 2132 fructus
918 2068 1136 2153 perciperetur
1142 2095 1151 2150 ;
1174 2078 1207 2134 et
1217 2069 1310 2135 habi·

303 2165 435 2232 tationis
450 2169 647 2254 exceptione,
656 2170 725 2234 siue
741 2172 912 2256 temporali
927 2171 996 2237 siue
1006 2195 1108 2259 usque
1118 2174 1159 2239 ad
1171 2183 1309 2242 mortem

303 2271 373 2335 eius
388 2272 445 2356 qui
461 2275 597 2358 excepit,
612 2269 689 2339 usus
703 2275 834 2340 uidetur
849 2284 1012 2362 exceptus.

143 2381 266 2445 vasaei
370 2373 407 2439 Si
422 2375 508 2440 Titio
520 2376 651 2454 fructus,
663 2377 792 2442 Maeuio
809 2379 987 2464 proprietas
1002 2379 1111 2466 legata
1126 2381 1170 2446 sit
1180 2390 1219 2447 et
1230 2381 1308 2448 uiuo
1322 2404 1373 2450 aa.
1412 2399 1476 2449 Pn-

135 2448 289 2574 {mhip’
304 2483 459 2542 testatore
474 2478 581 2554 Titius
601 2478 744 2557 decedat,
761 2481 844 2545 nihil
866 2481 953 2566 apud
975 2483 1131 2568 scriptum
1152 2478 1434 2590 heredemdiiis'?

302 2581 520 2666 relinquetur:
543 2591 577 2648 et
591 2583 625 2647 id
640 2583 797 2648 Neratius
812 2607 942 2670 quoque
957 2587 1129 2672 respondit.
1319 2609 1383 2646 xm.

142 2696 273 2746 bariona
369 2687 477 2752 Usum
496 2687 639 2752 fructum
664 2688 697 2751 iu
728 2689 924 2773 quibusdam
954 2691 1080 2756 casibus
1109 2714 1175 2756 non
1204 2691 1336 2778 partisl

141 2769 236 2824 apori.
304 2791 456 2856 effectum
480 2792 625 2877 optinere
649 2793 816 2873 conuenit:
839 2793 925 2858 unde
948 2793 975 2858 si
994 2794 1087 2859 fundi
1109 2796 1164 2860 uel
1184 2797 1308 2864 fructus

303 2896 407 2981 portio
424 2904 556 2981 petatur
575 2907 609 2960 et
631 2897 831 2962 absolutione
849 2905 960 2962 secuta
978 2907 1091 2983 postea
1110 2922 1185 2984 pars
1206 2902 1309 2968 altera

302 3021 386 3083 quae
410 2999 556 3064 adcreuit
578 2999 772 3078 uindicetur,
798 3000 833 3063 in
858 2999 917 3064 lite
943 3001 1076 3086 quidem
1102 3003 1308 3088 proprietatis

303 3101 464 3166 iudicatae
483 3100 530 3164 rei
548 3101 769 3186 exceptionem
792 3101 928 3190 obstare,
943 3101 978 3164 in
1000 3101 1123 3168 fructus
1145 3127 1222 3168 uero
1242 3128 1307 3172 non
1375 3175 1377 3180 ,

303 3205 431 3269 obstare
461 3203 573 3268 scribit
602 3203 759 3280 Iulianus,
783 3203 937 3288 quoniam
963 3205 1067 3289 portio
1093 3205 1186 3270 fundi
1214 3209 1308 3272 uelut
1336 3245 1341 3255 ·

303 3308 425 3374 alluuio
439 3307 589 3394 portioni,
603 3329 758 3392 personae
774 3309 897 3372 fructus
912 3306 1117 3374 adcresceret,

140 3410 278 3460 Jotntana
369 3411 527 3492 Quotiens
557 3411 682 3475 duobus
712 3411 939 3475 ususfructus
964 3411 1091 3496 legatur
1116 3412 1173 3491 ita,
1197 3420 1236 3478 ut
1258 3413 1305 3478 al·
1321 3431 1374 3474 aa.
1392 3425 1466 3502 Ium-

140 3483 262 3604 :mii
303 3516 405 3580 ternis
427 3515 520 3581 annis
544 3523 681 3580 utantur
708 3515 866 3594 fruantur,
888 3515 916 3578 si
946 3515 1080 3604 quidem
1103 3517 1151 3582 ita
1175 3518 1304 3604 legatus
1319 3492 1460 3605 Qum.

303 3619 403 3684 fuerit
419 3619 517 3684 ‘Titio
532 3627 566 3684 et
581 3618 728 3698 Maeuio‚'
743 3627 852 3704 potest
872 3619 936 3684 diei
953 3621 1053 3706 priori
1074 3621 1169 3701 Titio,
1190 3623 1307 3689 deinde

303 3723 434 3790 Maeuio
449 3724 594 3810 legatum
609 3723 731 3788 datum.
778 3723 815 3789 Si
830 3746 908 3788 uero
924 3724 988 3789 duo
1004 3725 1149 3791 eiusdem
1165 3728 1307 3794 nominis

302 3828 423 3893 fuerint
438 3836 472 3892 et
486 3827 534 3892 ita
548 3827 704 3913 scriptum
719 3827 818 3891 fuerit
834 3827 941 3892 ‘Titiis
951 3850 1046 3892 usum
1057 3829 1199 3894 fructum
1210 3831 1307 3897 alter-

301 3931 353 3996 nis
368 3931 461 3996 annis
476 3929 545 3996 do:'
565 3931 629 3994 nisi
644 3930 871 4006 consenserint,
880 3938 955 3996 uter
964 3953 1074 3996 eorum
1084 3932 1170 4017 prior
1184 3941 1307 4013 utatur,

302 4036 443 4102 inuicem
468 4035 531 4100 sibi
556 4034 789 4120 impedimento
813 4033 933 4101 ernnt'.
978 4035 1073 4116 Quod
1095 4037 1123 4101 si
1144 4037 1251 4102 Titius
1268 4062 1306 4104 eo

301 4163 396 4218 anuo,
420 4161 485 4226 quo
514 4139 683 4215 frueretur,
709 4137 942 4223 proprietatem
966 4139 1149 4225 accepisset,
1173 4141 1304 4208 interim

512 4273 522 4308 ¹
539 4276 583 4323 ltu
594 4287 625 4322 aa
634 4287 689 4322 meo
700 4275 783 4330 coni.,·
796 4271 932 4324 obscurare
945 4274 1023 4324 codd.

512 4355 522 4386 ²
537 4357 580 4404 Itu
592 4371 623 4404 ec
633 4371 687 4405 meo
699 4357 780 4412 coni.;
794 4355 844 4405 sibi
854 4355 996 4419 impedient
1009 4357 1085 4405 Oodd.
